2982 5072
492 365 537 410 ua
562 361 650 410 tona
676 363 884 412 strunetco.
1184 343 1250 418 153

122 491 288 588 restringi
316 503 455 560 tarisum
476 487 545 558 cul·¹
552 511 728 585 [sereonas
746 505 812 560 out
822 489 991 561 ecclessiis
1014 491 1252 586 particulares

117 631 183 702 pm
192 605 325 704 quibus
341 604 620 676 odonna-uta
635 607 773 701 quidem
788 609 974 702 propositio
992 610 1081 677 inter
1097 609 1252 681 (lectores

120 721 337 816 aliquatenus
355 724 641 812 controvertitur3
665 738 795 792 atvero
812 728 960 794 rationes
977 728 1102 819 quibus
1122 751 1251 822 propn-

122 854 246 933 gnatur
265 840 363 926 nobis
381 839 542 908 videntur
570 839 779 908 firmissimae.
796 843 879 926 Eas,
906 856 1007 935 prout
1033 867 1053 910 a
1077 843 1252 913 Canaliero

121 971 353 1050 exponuntur,
363 955 561 1049 subjicimus
578 981 590 1026 .·
609 983 628 1020 ι(
643 956 780 1025 Habent
793 981 896 1026 sacras
915 957 1043 1025 rituum
1060 962 1255 1054 Congrega·

125 1071 264 1140 ationis
308 1071 460 1158 decreta,
495 1086 535 1140 nt
565 1071 643 1142 licet
672 1071 712 1139 ad
743 1071 1000 1168 particularium
1034 1097 1253 1166 personarum

125 1187 340 1257 «instantias
366 1203 428 1257 aut
453 1189 591 1280 quaesita
609 1203 764 1257 emanata
800 1193 839 1256 ea
871 1189 953 1275 sint,
983 1187 1025 1256 ad
1048 1211 1200 1256 normam
1218 1205 1253 1258 et

125 1301 364 1398 «exemplum,
377 1327 440 1399 pro
457 1303 576 1372 iisdem
594 1319 628 1373 et
640 1303 716 1372 aliis
732 1302 896 1372 similibus
911 1304 1066 1391 casibus,
1084 1303 1118 1372 in
1137 1302 1253 1374 Eccle-

125 1419 205 1490 asia
224 1417 411 1490 universali
432 1418 636 1507 deserviant,
657 1422 719 1488 nisi
738 1418 906 1515 pecularis
923 1420 1036 1513 aliqua
1058 1421 1146 1489 adsit
1166 1423 1252 1490 ratio

125 1561 142 1604 «
157 1551 218 1605 aut
237 1536 506 1624 circumstantia,
524 1561 600 1630 qnae
621 1536 755 1605 decreta
775 1535 909 1631 penitus
937 1536 1198 1631 particularizet,
1218 1552 1253 1608 et

125 1651 247 1720 nultra
273 1674 434 1746 personas
458 1649 509 1721 vel
530 1649 687 1720 eeclesias
707 1675 771 1745 pro
794 1652 919 1745 quibus
946 1667 1147 1721 emanarunt
1170 1677 1252 1747 pro·

124 1766 252 1836 «tendi
268 1791 307 1834 ea
327 1791 396 1834 non
416 1765 515 1834 sinat.
534 1764 624 1835 Talis
645 1781 695 1835 est
713 1791 748 1834 se
765 1767 800 1833 in
816 1767 917 1836 saccis
941 1767 1063 1836 ritibus
1084 1767 1251 1862 dirigendi

125 1884 273 1978 «praxis
306 1883 459 1952 omnium
493 1880 710 1952 ecclesiarum
738 1881 848 1953 :talis
882 1899 1066 1954 estsensus
1098 1887 1251 1954 omnium

124 1999 338 2070 edoctorum
357 1999 417 2092 qui
437 1997 479 2066 de
494 1999 598 2068 sacris
621 1999 740 2067 ritibus
769 1997 819 2066 vel
848 2001 1055 2067 caeremoniis
1078 2001 1250 2093 scripsere.

123 2147 139 2182 a
157 2121 201 2185 Et
223 2117 249 2184 si
266 2113 343 2184 talis
361 2139 432 2184 uon
446 2115 536 2184 foret
551 2115 755 2212 procedendi
771 2116 870 2197 ratio,
881 2112 934 2182 rel
955 2114 1046 2183 nulla
1067 2113 1122 2184 vel
1137 2117 1253 2184 incon·

123 2263 140 2297 a
160 2248 254 2301 stans
284 2232 384 2300 nimis
403 2255 443 2302 ac
468 2232 561 2299 varia
599 2229 796 2300 eorumdem
826 2253 999 2298 sacrorum
1042 2231 1171 2299 rituum
1212 2255 1251 2299 ac

122 2377 139 2412 a
156 2346 438 2418 caeremoniarum
449 2359 596 2415 exstaret
609 2369 729 2414 riorma
748 2367 787 2413 ac
808 2343 921 2441 regula
935 2370 944 2431 ;
961 2363 1039 2413 cnm
1052 2345 1122 2414 fere
1138 2348 1252 2416 omnia

122 2461 358 2533 «eorumdem
378 2461 540 2530 directita
567 2461 700 2530 decreta
717 2460 760 2530 ad
778 2461 973 2530 instantiam
994 2459 1250 2557 particularium

123 2601 381 2674 «personarum
413 2578 480 2646 sint
503 2591 671 2667 emanata,
707 2591 740 2646 et
769 2575 955 2646 admodum
987 2601 1153 2672 perpauca
1186 2580 1252 2648 sint

122 2695 298 2764 «decreta
330 2691 501 2788 generalia
522 2722 540 2756 a
559 2690 753 2787 (Caralieri,
784 2705 867 2760 tom.
898 2695 924 2778 l,
953 2715 1029 2787 pag.
1061 2717 1143 2790 171,
1170 2693 1251 2763 edit.

122 2813 247 2890 Venet.
279 2807 398 2906 1758).

169 2957 188 2992 a
214 2926 266 2996 Ad
280 2925 478 3020 qualitatem
493 2922 711 2993 resolutionis
727 2923 989 3018 dignoscendam
1003 2926 1156 3017 apprime
1171 2950 1253 3018 qtto·

120 3067 217 3136 «que
246 3040 332 3109 bene
362 3039 508 3136 qualitas
537 3037 636 3108 dubii
654 3039 832 3134 ¹propositi
858 3039 1004 3108 deservit
1032 3069 1048 3103 a
1078 3039 1124 3106 ibi
1152 3039 1250 3108 docet

120 3157 286 3226 Caralieri
320 3177 521 3250 responsum
548 3177 650 3223 saorae
680 3155 962 3252 Congregationis
993 3153 1248 3250 intelligendum

121 3297 191 3342 esse
221 3274 256 3339 in
286 3295 386 3342 sensu
415 3268 585 3366 generali,
613 3271 752 3364 quando
783 3271 925 3340 dubium
953 3268 1166 3364 generalibus
1191 3295 1249 3339 seu

122 3384 366 3456 universalibus
391 3385 503 3455 verbis
529 3409 721 3480 expressum
752 3385 828 3455 fnit.
858 3391 975 3456 Postea
1001 3385 1249 3477 objectionibus

121 3501 326 3598 respondens
347 3518 380 3572 et
399 3527 468 3570 rem
492 3500 622 3596 plenius
642 3499 819 3587 evolvens,
840 3502 888 3572 sio
916 3501 1026 3597 pergit
1050 3527 1058 3570 :
1085 3530 1102 3566 a
1121 3501 1221 3571 Dices
1240 3525 1248 3568 ε

120 3647 136 3682 a
149 3621 253 3688 Sacra
271 3617 501 3713 congregatio
522 3616 665 3710 plurima
682 3641 722 3686 ex
738 3617 806 3686 suis
821 3615 962 3686 decretis
980 3615 1134 3685 nominat
1143 3637 1248 3714 gene·

119 3763 135 3796 a
149 3731 269 3816 rulic;
288 3755 370 3827 ergo
394 3755 470 3826 quae
495 3729 664 3826 generalia
687 3756 756 3800 non
782 3745 975 3825 nuncupat,
993 3729 1160 3826 generalia
1179 3755 1246 3800 non

119 3863 273 3936 accunt,
291 3871 356 3918 neo
371 3845 594 3917 universalem
614 3846 816 3943 obligabunt
833 3846 1037 3932 Ecclesiam,
1063 3838 1125 3917 sed
1137 3845 1245 3916 solum

118 3991 134 4027 a
149 3962 410 4058 particularem3
426 3960 519 4032 illam
534 3960 661 4032 scilicet
671 3962 714 4030 ad
726 3963 823 4056 cujus
837 3963 1012 4032 instantias
1024 3961 1113 4031 edita
1127 3957 1251 4033 suntm'

120 4107 197 4142 a-
211 4077 433 4172 Respondeo,
448 4076 540 4171 quod
559 4076 691 4147 decreta
707 4101 782 4171 quae
797 4076 985 4176 generalia
1004 4093 1179 4166 notantur,
1195 4101 1250 4174 ge·

119 4190 278 4262 aneralia
295 4191 484 4262 formaliter
503 4206 601 4279 sunt;
620 4217 696 4286 quae
714 4208 827 4262 autem
849 4216 917 4262 oon
937 4194 983 4261 ita
998 4192 1246 4280 inscribuntur,

118 4306 320 4402 «generalia
336 4306 474 4402 quidem
493 4303 681 4376 formaliter
696 4332 765 4376 non
784 4321 881 4393 sunt,
900 4308 986 4376 bene
1005 4322 1115 4376 tamen
1136 4305 1246 4398 aequi-

118 4451 135 4486 a
150 4421 313 4510 valenter,
332 4423 359 4491 si
382 4421 524 4492 dubium
542 4424 753 4517 propositum
773 4421 977 4517 generaliter
995 4421 1134 4504 exstitit,
1146 4421 1248 4513 cique
