2934 5074
192 339 274 430 [34
656 325 860 412 reserares
955 389 958 398 ,

191 486 450 576 subordinatur,
458 491 549 584 Engo
558 511 608 561 eu.
610 487 827 562 distinetione
836 485 925 560 falso
932 485 1197 566 concluderem
1205 488 1321 582 quoad

193 603 800 698 mnnduutorernindepondesns.
1327 655 1332 666 .

208 720 288 800 5⁰
308 721 536 797 navemn
559 745 650 792 niun
667 721 714 793 ad.
725 718 876 816 pulnere
892 736 930 790 et
952 719 1065 816 planis
1079 721 1194 790 buouis
1209 720 1331 792 utine·

197 835 442 932 pedaneum
465 835 684 932 gallioauismi
708 834 960 930 parlamentarii
980 836 1332 933 principiunr,atque

197 948 283 1024 illud
303 952 397 1030 omui
417 952 639 1048 ambiguitate
664 950 855 1045 spoliemus
870 949 931 1021 Ao
954 949 1194 1022 eeclesu'nsn‘sn
1209 965 1332 1046 poen.

195 1080 308 1156 sonte,
326 1066 435 1156 aiunt,
444 1091 595 1162 prorsus
607 1063 844 1164 independens
861 1067 1221 1163 estennldspntesnns.
1241 1069 1322 1137 Res·

196 1179 385 1272 pondemus
413 1181 689 1279 distinguendum
714 1187 810 1254 :nst
833 1179 1071 1277 independens
1086 1181 1211 1278 quoad
1232 1205 1321 1277 pnn-

187 1297 401 1390 prietatem,
430 1297 629 1368 conceditur
647 1323 657 1369 z
674 1323 746 1368 non
769 1297 864 1368 :enirn
900 1297 1055 1393 princeps
1073 1297 1321 1368 aoeieffistinns

199 1409 422 1504 temporalem
446 1412 634 1506 prinoipem
653 1413 829 1484 constitnit
847 1427 881 1480 et
905 1413 967 1506 ipsi
987 1427 1148 1506 tanquam,
1166 1413 1330 1482 ministra

199 1545 261 1592 sun
276 1547 347 1597 rem
367 1522 586 1618 temporabem
601 1523 782 1620 regendam
798 1525 983 1608 commisit3
995 1524 1066 1594 sed
1082 1526 1182 1594 Dans
1193 1539 1331 1594 unam*

198 1660 267 1729 que
300 1634 371 1732 ipse
404 1651 604 1732 potestatem
623 1638 669 1710 ¹in
696 1639 823 1709 mundo
848 1639 1022 1727 stabilivit,
1057 1654 1159 1733 atque
1185 1642 1321 1734 utrique

194 1750 276 1844 jura
306 1777 369 1828 sua
418 1751 521 1823 dedit.
546 1757 614 1824 Est
643 1751 880 1850 independens
913 1753 1035 1851 qrrond
1064 1753 1321 1826 subordinatio-

201 1890 301 1960 nern,
321 1867 367 1938 ita
395 1867 490 1942 utin
516 1868 555 1938 iis
581 1894 655 1962 quae
684 1884 831 1964 tangunt
858 1871 1019 1940 interesse
1043 1871 1202 1944 Eoolesiae
1217 1888 1322 1967 atque

200 1979 306 2057 finon
330 1981 394 2078 ipsi
412 1983 589 2078 proprium
610 2011 680 2054 nnn
699 1985 822 2056 debent
846 1986 1013 2058 seennlnris
1037 2005 1188 2084 potestas
1203 1992 1321 2060 subor-

199 2093 322 2182 dinari,
335 2111 497 2193 negatur.

249 2213 294 2280 At
309 2236 402 2302 vero,
420 2211 615 2304 inclamant,
633 2214 738 2286 multa
761 2215 922 2286 babemus
943 2219 978 2286 in
992 2219 1099 2288 enoris
1122 2222 1267 2314 paginis,
1288 2223 1322 2290 in

115 2364 117 2369 ·
203 2324 400 2416 traditione,
416 2326 452 2396 in
469 2328 602 2421 scriptis
615 2333 770 2418 Petrum,
787 2356 863 2424 qnae
882 2331 1008 2402 dietam
1024 2333 1321 2428 independentinm

198 2439 383 2512 adstruunt
398 2469 466 2514 :—
477 2443 514 2514 Id
525 2459 590 2534 est,
602 2446 725 2540 quibus
735 2447 840 2516 arnbae
852 2462 1033 2543 potestates
1042 2466 1242 2520 asseruntur
1250 2451 1322 2522 dis·

202 2560 339 2648 niemez
361 2572 395 2626 et
419 2559 558 2652 proprio
582 2559 660 2652 j'ure
686 2587 709 2630 n
731 2565 804 2632 Deo
825 2580 964 2656 accepto
988 2579 1124 2652 stantes,
1147 2580 1182 2633 et
1207 2565 1327 2662 qnnnn'

202 2675 304 2766 hujus
314 2671 405 2765 juris
419 2674 674 2769 proprietatem
697 2677 974 2772 independenter,
991 2679 1189 2749 conceditur
1206 2681 1328 2751 :idest

201 2789 327 2883 quibus
346 2802 514 2858 asseratur
541 2787 649 2862 civilis
675 2793 849 2885 potestatis
870 2790 991 2887 qnnnd
1006 2791 1322 2865 snbordinnnnnem

203 2903 476 2998 independentia,
497 2918 653 2998 negatur.

253 3021 313 3090 His
327 3021 521 3114 prenotatis
535 3023 622 3092 cirea
638 3021 727 3092 'vonis
741 3018 1017 3116 independentr‘ae
1038 3023 1237 3119 ambignum
1252 3049 1324 3096 sen·

203 3161 291 3226 sum,
308 3135 350 3204 ad
367 3137 467 3205 thesis
484 3135 717 3230 probationem
735 3135 944 3204 accedamus.

245 3255 280 3333 ἐΙ.
296 3291 344 3304 --
362 3253 531 3323 Probatur
555 3252 669 3336 thesis,
689 3276 730 3320 ex
752 3250 906 3344 eoquod
934 3251 1040 3320 ambo
1062 3259 1247 3346 potestates
1271 3279 1324 3326 ne-

201 3381 330 3463 queant
355 3391 426 3440 esse
446 3367 559 3462 quoad
582 3366 897 3437 subordinationem
920 3365 1200 3462 independamus,
1219 3384 1256 3440 et
1274 3395 1329 3440 re·

204 3485 330 3582 gadisteo
368 3512 438 3556 non
468 3486 616 3582 probent
640 3484 896 3557 eeclesiasticam
926 3485 1028 3556 fuisse
1055 3486 1145 3555 civili
1169 3488 1326 3558 subordi·
1450 3547 1451 3554 ,

206 3617 331 3674 natent.

256 3721 343 3792 Dnae
364 3715 490 3788 scilicet
504 3728 697 3811 potestates,
710 3714 930 3810 quantumvis
943 3713 1057 3808 quoad
1083 3717 1325 3810 proprietatem
1450 3737 1451 3772 t

206 3855 269 3905 nau
294 3833 470 3928 proprium
494 3833 549 3926 jus
573 3857 648 3902 vere
670 3829 947 3925 independentes,
963 3830 991 3898 si
1009 3830 1157 3898 exerceri
1185 3831 1329 3900 debeant

203 3948 301 4026 cirne
320 3949 449 4018 easdem
467 3973 627 4043 personas
646 3961 680 4016 et
700 3971 751 4016 res
768 3945 862 4041 (licet
880 3946 944 4014 sub
960 3945 1093 4014 diverso
1120 3961 1275 4040 respectu
1295 3959 1327 4014 et

207 4066 252 4142 nd
268 4064 438 4136 diversum
453 4065 582 4162 finem),
603 4092 672 4138 non
688 4079 828 4160 possunt
847 4090 921 4134 esse
936 4065 1046 4133 nmbae
1064 4065 1329 4158 independenter

205 4181 325 4282 quoad
334 4181 663 4270 subordinationem
681 4181 736 4252 sed
751 4207 816 4250 una
828 4179 928 4250 alteri
941 4179 1184 4248 subordinetur
1198 4199 1326 4249 necesse

203 4312 270 4370 ost.
280 4300 367 4372 Nam
381 4298 409 4366 si
422 4313 564 4391 utreque
578 4312 788 4392 supponetur
802 4295 960 4390 praedicto
974 4319 1074 4364 sensu
1088 4295 1323 4390 independens,

208 4428 328 4488 noune
343 4414 468 4510 poterit
481 4412 640 4487 ordinare
657 4435 721 4498 res,
740 4437 816 4506 qun
831 4411 951 4480 ambos
961 4423 1155 4504 potestates
1175 4421 1324 4503 tangunt,
