2982 5072
264 365 332 447 ilo
717 381 917 432 reserares

258 509 334 581 talis
353 512 440 580 circa
469 509 625 581 Ecclesiae
654 512 802 605 regimen
831 505 960 599 canon,
984 505 1035 579 est
1053 505 1110 580 ille
1132 533 1201 604 quo
1226 507 1385 582 Romano

258 625 414 696 Pontifici
434 625 604 696 adseritur
620 623 733 721 plena
747 625 914 720 poteslas
935 624 1170 696 umrersalem
1184 625 1387 697 Ecclesiam

253 739 441 837 pascendi,
466 739 611 838 regendi
630 755 740 837 atquc
757 738 990 837 gubernandi.
1012 745 1102 836 Ergo
1122 755 1300 836 protegere
1317 742 1387 812 :lta-

260 879 377 938 noues,
400 872 450 926 cst
477 855 643 951 precipue
665 870 700 926 et
724 870 803 926 ante
824 857 940 926 omnia
962 855 1108 944 efficere,
1133 871 1171 926 ut
1190 854 1385 950 predictam

258 985 462 1065 potestatem
485 976 657 1042 Romanus
677 971 832 1042 Pontifex
849 969 954 1041 libere
979 973 1013 1040 et
1033 969 1218 1041 efficaciter
1231 993 1388 1044 exercete

260 1086 375 1180 possit.
394 1087 566 1156 Proteotio
588 1101 700 1156 autern
736 1111 803 1180 qua
831 1087 994 1182 'princeps
1026 1085 1205 1183 impediret
1238 1101 1283 1155 ne
1316 1109 1389 1157 sese

260 1216 371 1270 exerat
404 1217 551 1297 potestas
574 1199 799 1289 ecclesiatica3
812 1214 847 1270 et
871 1225 939 1295 qua
968 1201 1030 1270 sibi
1062 1214 1262 1295 potestatem
1297 1197 1388 1272 ltanc

260 1331 451 1409 usurparet,
484 1330 534 1384 est
562 1314 746 1404 derisoria,
763 1328 798 1384 et
827 1315 979 1410 tyrannis
1009 1316 1124 1410 potius
1159 1315 1388 1411 nuncupanda

260 1455 361 1523 quarn
374 1432 550 1524 protectio.
569 1433 729 1502 Praeterea
747 1431 788 1500 ad
810 1445 1007 1525 potestatem
1027 1429 1282 1500 ecclesiasticam
1306 1455 1389 1526 spo-

260 1558 486 1614 ctatcanones
516 1543 559 1614 ad
593 1543 804 1640 disciplinam
829 1548 1039 1640 pertinentes
1062 1570 1125 1641 pro
1145 1556 1336 1640 temporum
1355 1561 1391 1616 et

260 1657 591 1729 circumstantiarum
611 1661 777 1731 rationein
799 1661 965 1731 moderari
989 1675 1093 1756 atque
1113 1661 1304 1730 immutare.
1318 1662 1389 1751 Qui

214 1867 215 1872 ἵ
262 1797 341 1846 ,vero
379 1775 414 1841 in
449 1772 559 1869 aliqua
592 1775 729 1868 regione
751 1776 953 1871 praepediret
982 1774 1178 1869 hujusmodi
1213 1776 1390 1869 potestatis

195 1924 196 1928 ¹
250 1885 490 1958 ¹ecclesiastice
505 1890 715 1978 exercitium,
735 1915 803 1960 non
817 1890 999 1962 Ecclesiam
1022 1903 1227 1986 protegeret,
1249 1891 1307 1960 sed
1327 1897 1391 1987 op·

264 2007 435 2098 primeret.
453 2009 545 2102 Ergo
565 2006 665 2077 titulo
684 2009 885 2102 protectoris
901 2021 1238 2096 canonum,tenetur·
1251 2004 1390 2100 quidem

262 2121 417 2218 princeps
442 2125 572 2194 brachii
605 2125 773 2195 saecularis
801 2125 965 2196 auxilium
993 2123 1125 2221 legibus
1157 2122 1392 2194 ecclesiasticis

262 2254 443 2332 praestare3
471 2255 523 2308 ast
554 2233 653 2308 simul
687 2240 886 2334 prohibetur
918 2241 1007 2310 liano
1041 2227 1285 2334 legislationem
1326 2239 1388 2308 sibi

262 2376 427 2449 usurpare
441 2369 476 2423 et
490 2357 522 2423 in
540 2379 612 2424 earn
633 2379 705 2423 sese
717 2356 917 2424 immiscere.

311 2466 351 2536 3⁰
377 2471 496 2562 Neque
511 2469 553 2538 ad
570 2470 754 2562 principem
774 2470 920 2563 pertinet
933 2469 988 2562 jus
1002 2469 1036 2537 in
1053 2467 1227 2562 liturgiam
1242 2481 1275 2537 et
1289 2457 1391 2537 disci·

264 2581 400 2676 plinaru,
418 2609 514 2653 exeo
535 2583 625 2677 quod
642 2583 804 2654 Ecclesia
824 2583 872 2653 sit
889 2585 928 2652 iu
945 2597 1052 2652 statu.
1066 2587 1154 2654 Nam
1171 2607 1209 2650 ea
1223 2581 1391 2650 sententia

261 2697 368 2765 sancti
388 2700 507 2792 Optati
521 2697 725 2798 Milevitani,
745 2713 877 2769 statum
893 2721 964 2766 non
985 2721 1063 2766 esse
1079 2701 1115 2765 r'n
1134 2691 1313 2779 Ecclesia,
1330 2691 1396 2764 scd

266 2811 464 2882 Ecclesiam
485 2815 523 2882 in
539 2830 661 2900 statu,
689 2813 781 2908 apud
806 2819 936 2882 Patrem
952 2811 1047 2881 illum
1068 2837 1137 2882 non
1160 2837 1238 2880 eum
1257 2834 1391 2880 sensum

264 2928 365 2997 habet
378 2954 478 3022 quem
493 2930 521 2997 ei
537 2930 693 2998 tribuunt
708 2927 882 3024 gallicani,
896 2941 934 2996 ut
947 2951 987 2997 ex
1003 2941 1163 2996 contextu
1178 2951 1264 3020 saepe
1278 2940 1394 2994 osten·

263 3069 338 3112 sum
356 3060 416 3114 est.
436 3049 599 3114 Praeterea
618 3044 737 3114 falsum
758 3059 810 3114 est
829 3041 973 3112 liberum
990 3067 1061 3112 esse
1078 3041 1217 3112 cuilibet
1234 3041 1393 3135 principi,

264 3173 304 3227 ut
321 3160 460 3252 recipiat
476 3157 524 3228 vel
542 3161 611 3228 non
625 3158 799 3254 religionis
814 3156 989 3228 catholicae
1004 3155 1178 3252 publicum
1195 3153 1390 3224 exercitium

264 3275 299 3340 in
326 3273 394 3342 suis
423 3271 604 3361 dominiis3
632 3285 667 3343 et
693 3271 814 3342 falsum
843 3287 893 3342 cst
926 3272 1055 3368 pariter
1075 3295 1153 3342 eum
1178 3293 1275 3367 posse
1296 3269 1397 3340 dictae·
1439 3245 1453 3274 ⁹

265 3386 436 3484 religionis
453 3388 613 3458 exercitio
627 3413 695 3457 nou
709 3388 989 3476 consentire,nisi
1002 3387 1065 3457 sub
1082 3413 1120 3457 ea
1136 3387 1344 3471 conditione,
1355 3399 1392 3454 ut

263 3505 456 3596 hujusmodi
488 3504 685 3574 exercitium
708 3519 879 3573 remaneat
898 3505 1003 3598 ipsius
1032 3503 1175 3574 arbitrio
1200 3518 1234 3572 et
1260 3500 1394 3595 regula·

264 3618 345 3686 tioni
361 3618 562 3712 subjectum.
580 3621 666 3689 Nam
680 3617 835 3687 Christus
856 3618 901 3686 ita
917 3615 1101 3688 Ecclesiam
1120 3643 1213 3686 suam
1231 3615 1389 3704 institnit,

264 3748 300 3800 nt
319 3731 463 3802 voluerit
482 3757 555 3802 eam
581 3757 651 3802 esse
671 3732 705 3802 in
725 3747 797 3802 toto
815 3734 897 3802 orbe
917 3757 1018 3802 unarn
1044 3747 1076 3802 et
1104 3733 1147 3802 ab
1168 3757 1237 3802 uno
1259 3747 1394 3826 pastore

263 3847 389 3940 ubique
415 3861 580 3915 terrarum
604 3848 698 3941 regi3
721 3873 803 3942 ergo
828 3847 893 3918 hoc
911 3849 983 3943 ipso
1001 3846 1107 3918 voluit
1129 3845 1392 3917 ecclesiasticum

264 3962 414 4054 regimen
435 3987 502 4030 non
523 3987 619 4056 posse
640 3961 683 4030 ab
703 3961 773 4034 ulla
797 3963 973 4059 temporali
998 3978 1163 4059 potestate
1186 3962 1390 4059 prepediri3

264 4100 345 4170 ergo
369 4075 524 4170 princeps
546 4076 604 4169 qui
623 4077 797 4148 catholice
823 4077 993 4172 religionis
1013 4077 1121 4148 libero
1140 4078 1298 4147 exercitio
1321 4099 1394 4146 sese

265 4191 427 4284 opponit,
443 4191 499 4284 jus
519 4191 671 4262 divinum
692 4208 728 4262 et
746 4194 825 4286 jura
844 4193 1056 4264 subditorum
1075 4217 1212 4263 snorum
1234 4192 1301 4261 boc
1320 4191 1394 4286 ipso

267 4303 368 4374 laedit.
383 4305 481 4374 Hinc·
489 4332 549 4400 per
563 4309 625 4378 tria
642 4309 757 4404 priora
775 4307 894 4380 saecula
906 4360 916 4398 ,
930 4307 1078 4380 Ecclesia
1090 4307 1267 4394 catholica,
1278 4305 1391 4376 invitis

262 4433 296 4488 et
310 4422 546 4515 persecutione
560 4425 659 4494 etiam
677 4424 912 4496 obnitentibus
925 4425 1154 4521 principibus,
1168 4449 1238 4494 sese
1250 4438 1394 4494 etsuum
