3004 5070
511 411 557 456 uu
581 401 669 456 utine
696 395 900 456 nrtuueico.
1196 369 1268 459 bib

143 537 209 607 tica
220 535 387 631 judicium
403 513 655 634 quodammtido
669 513 853 606 instituere.
877 515 977 606 Untie
991 534 1105 606 officio
1125 519 1200 608 tneo
1214 534 1269 608 in'e

144 651 261 722 fecisse
279 653 358 748 satis
377 653 574 739 existimavi,
593 653 697 746 quod,
718 645 882 750 principia
900 652 972 748 ipsa
987 653 1023 719 in
1035 633 1109 722 tuto
1125 633 1269 755 ponens,

144 768 196 852 ei,
213 791 317 864 quam·
331 793 444 838 sanam
463 784 496 838 et
514 770 689 863 probatam
702 769 878 864 reputavi,
896 761 1061 838 doctrines
1078 785 1140 864 pro
1154 769 1270 841 debito

143 881 379 953 bonsuluerim.
404 885 439 952 Si
459 883 542 977 quid
571 907 649 952 vero
678 884 710 952 in
740 884 953 953 tractationis
984 882 1128 953 decursu
1153 886 1268 955 minus

143 1010 235 1096 tecte
256 997 428 1095 prolatum
453 998 638 1096 exciderit,
663 997 780 1067 libenti
807 1021 847 1068 ac
874 999 1130 1094 promptissimo
1153 977 1267 1070 animo

142 1113 213 1185 sedi
238 1112 454 1209 Apostolica,
483 1137 557 1208 quae
577 1137 631 1183 me
653 1114 715 1183 sibi
742 1133 873 1214 semper
906 1097 1072 1184 indivuise
1094 1116 1269 1187 adb'aertm

143 1247 209 1300 tem
227 1231 377 1322 babebit,
401 1230 639 1328 corrigendum
659 1229 817 1323 subjicio.
837 1230 981 1302 Confido
1001 1243 1113 1300 tamen
1131 1242 1269 1327 acceptu

142 1347 215 1416 fore
233 1347 402 1442 praecipua
423 1347 582 1446 expositae
598 1346 759 1416 doctrinae
776 1347 905 1442 capita,
921 1361 1041 1441 utpote
1061 1370 1145 1450 quae,
1168 1370 1271 1417 none

141 1477 217 1530 meo
236 1485 345 1556 penu,
366 1461 425 1530 sed
445 1461 487 1530 de
508 1461 782 1556 gravissimarum
809 1459 1008 1562 plerumque
1026 1463 1268 1532 auctoritatum

141 1578 376 1676 promptuario
403 1577 573 1646 eduxerim
596 1601 660 1646 :eo
681 1575 730 1645 vel
749 1578 854 1672 magis
879 1576 972 1672 quod
997 1578 1150 1671 apprime
1171 1579 1268 1648 insu-

139 1717 199 1788 per
217 1707 442 1792 consentanea
464 1692 646 1762 videantur
665 1712 773 1786 nuper
792 1694 883 1762 edito
904 1707 1005 1762 sacrae
1024 1694 1151 1762 rituum
1173 1699 1266 1764 tion-

139 1809 344 1904 gregatiouis
363 1808 520 1896 decreto,
535 1808 627 1904 quod
646 1807 702 1877 bic
719 1825 781 1902 pso
796 1817 957 1912 tractatus
976 1809 1137 1879 co'tonide
1155 1811 1264 1918 subji-

139 1945 258 1996 cimus.
975 1961 978 1966 Δ
1148 1947 1152 1955 ’

516 2281 888 2394 DECRETUM

190 2533 224 2591 s.
250 2530 413 2590 nrruun
440 2485 805 2608 cuucnuuumoms
826 2507 946 2588 cruci
971 2529 1213 2590 nourennsn

305 2631 506 2698 nemesim
527 2639 837 2697 cenomanensis
859 2640 1102 2703 urrunorrn.

182 2857 278 2946 Quas
291 2871 425 2926 sauctus
439 2855 558 2926 PiusV
572 2854 672 2924 edicit
689 2851 799 2923 bullas
812 2876 886 2947 quae
901 2834 1263 2928 breviariummis'sale·

139 2998 205 3068 que
228 2977 418 3042 Romanum
446 2972 653 3066 respiciunt,
681 2968 754 3038 illas
773 2969 814 3039 de
838 2995 929 3039 anno
960 2969 1050 3042 1583
1076 2974 1265 3044 cumomni

140 3090 250 3179 laude,
268 3089 458 3162 reverentia
476 3103 509 3157 et
524 3087 647 3186 gaudie
662 3087 794 3182 excepit
807 3073 1267 3188 concilium'provineiaeyTu·
1311 3167 1313 3171 ,

140 3211 315 3293 cunensis,
347 3231 386 3278 ae
416 3205 558 3303 proinde
585 3205 847 3274 Cenomanensis
881 3203 1079 3299 episcopalis
1105 3206 1265 3299 ecclesia,

139 3347 213 3420 quee
231 3324 411 3420 provinciae
438 3319 543 3419 ipsius
566 3319 729 3389 limitibus
747 3317 974 3389 conciuditur.
1000 3323 1086 3411 Quae
1106 3324 1168 3392 etsi
1190 3347 1265 3420 spe-

138 3439 215 3512 ciali
228 3456 311 3510 tunc
333 3441 397 3509 ritu
415 3463 433 3508 a
449 3438 580 3508 duobus
600 3434 728 3506 saeculis
749 3449 914 3525 uteretur,
931 3451 1079 3506 attamen
1101 3439 1185 3509 ritus
1204 3441 1265 3510 iste

138 3556 222 3628 adeo
236 3571 308 3626 erat
322 3559 507 3642 Romanus,
517 3572 554 3624 ut
569 3555 621 3623 vix
633 3573 694 3648 pro
705 3553 866 3648 vigesima
878 3555 1157 3649 purtepropriuni
1175 3577 1264 3627 mere

137 3677 392 3744 Cenoinanense
412 3672 710 3760 intermisceretur.
735 3673 776 3738 In
802 3667 920 3738 eodem
946 3669 1109 3764 siquidem
1131 3672 1198 3742 ritu
1218 3674 1264 3743 si-

137 3789 244 3858 bimet
260 3789 323 3882 ipsi
334 3803 503 3876 constans,
525 3811 586 3855 nec
608 3783 677 3855 ulio
689 3785 790 3854 modo
806 3797 922 3854 sancto
932 3785 990 3853 Pio
1001 3787 1172 3856 contraria
1191 3800 1265 3858 stu·

138 3903 264 3973 diosius
280 3881 429 3999 perstitit
446 3903 710 3972 Cenomanensis
726 3898 864 3970 ecclesia
881 3902 988 3996 spatio
1008 3898 1072 3972 150
1083 3905 1264 3993 annorum,

139 4018 300 4090 nimirum
317 4017 478 4114 usquead
498 4039 625 4087 anirum
645 4017 736 4114 1748
753 4031 813 4086 aut
835 4021 946 4113 17493
972 4017 1008 4086 in
1024 4039 1111 4112 quo,
1126 4035 1265 4090 auctore

138 4129 221 4208 tunc
239 4138 403 4230 temporis
421 4136 600 4231 Episcopo,
619 4147 653 4200 et
667 4131 897 4202 consentiente
909 4131 1069 4227 capitulo,
1090 4133 1147 4203 sed
1168 4160 1265 4229 pror·

138 4275 194 4322 sus
219 4249 414 4346 Apostolica
445 4263 560 4319 sancta
586 4246 664 4316 sede
697 4245 907 4334 inconsuita‚
936 4268 1062 4318 novum
1087 4247 1262 4320 conditum

139 4368 205 4437 fuit
226 4365 449 4452 breviarium,
475 4387 668 4458 novumque
697 4360 838 4431 missale.
869 4362 944 4432 Atia
973 4379 1055 4432 tunc
1082 4363 1168 4435 facta
1197 4365 1261 4436 fuit

140 4481 348 4581 psalmorum
366 4480 579 4570 distributio,
599 4478 663 4550 alia
680 4477 767 4549 ratio
791 4476 994 4568 lectionum,
1012 4494 1084 4549 tum
1106 4479 1147 4551 de
1170 4509 1261 4555 sacra

1032 4621 1090 4667 21.
