3018 5070
240 407 259 449 2
700 405 898 453 TRACTATUS

286 530 362 599 Erit
389 554 470 625 ergo
497 530 599 599 totius
628 545 791 602 tractatus
821 534 990 602 ordinatio
1023 534 1058 602 in
1082 533 1175 602 hunc
1196 533 1362 604 modum:

246 645 279 715 ι0
303 650 356 716 De
380 643 522 739 liturgiae
543 659 662 719 natura
679 661 713 716 et
729 646 849 720 'valore
864 647 1073 742 doganatic03
1093 646 1133 716 2⁰
1155 646 1197 718 de
1212 645 1363 743 legitimo

235 760 322 854 juris
333 759 480 854 liturgici
495 758 604 845 fonte3
617 755 654 828 3⁰
667 759 839 853 quodnam
858 760 1003 831 delacto
1024 760 1127 829 suerit
1144 761 1187 828 ab
1204 759 1364 831 Ecclesiae

238 875 383 945 exordiis
401 899 507 967 usque
532 899 624 943 nunc
652 872 845 969 legislativae
873 877 962 945 circa
990 874 1162 970 liturgiam
1189 877 1364 970 potestatis

221 1023 223 1028 ·
239 991 436 1060 exercitium
442 1015 452 1078 3
468 987 508 1074 4⁰
524 974 696 1082 quodnam
713 991 757 1058 sit
769 989 973 1061 hodiernum
986 991 1042 1084 jus
1061 989 1271 1086 liturgicum.

696 1259 903 1288 *⁴*-
926 1233 930 1236 -

559 1509 739 1612 PARS
780 1511 1034 1616 PRIMA.

299 1817 354 1869 DE
375 1816 585 1871 utrunetm
606 1815 774 1871 flemma
794 1817 849 1871 ET
869 1814 1033 1871 VALORE
1052 1814 1300 1882 BOGMTIGO.

247 2071 251 2078 ’
287 2044 420 2120 Prodiit
435 2025 666 2148 superioribus
685 2052 783 2122 annis
796 2051 1021 2148 quorumdam
1045 2053 1163 2148 opinio
1183 2080 1250 2149 qua
1264 2055 1363 2128 litur-

240 2169 301 2263 giae
319 2169 552 2264 denegabatur
569 2168 726 2264 quaelibet
750 2193 826 2239 cum
847 2169 1005 2265 dogmate
1028 2171 1273 2272 connexio(1).
1293 2176 1364 2265 Qui

239 2308 347 2371 error,
367 2284 498 2352 eunctis
517 2299 607 2353 retro
629 2282 757 2353 saeculis
776 2284 968 2371 inauditus,
992 2285 1164 2378 quomodo
1190 2285 1243 2356 vel
1264 2291 1365 2360 unius

239 2399 412 2492 scriptoris
435 2398 591 2467 catholici
618 2412 764 2488 mentem
788 2397 932 2467 subierit
950 2399 1004 2466 vix
1019 2398 1277 2494 intelligeretur,
1301 2403 1366 2473 nisi

239 2535 310 2582 rem
338 2512 496 2581 innueret
523 2537 643 2607 scopus
662 2513 733 2606 ipse
759 2512 793 2578 in
812 2537 912 2605 quem
932 2512 1153 2583 intendebant
1176 2513 1364 2585 istiusmodi

239 2629 444 2723 opinationis
461 2629 606 2722 patroni.
629 2625 801 2696 Volabant
829 2625 957 2696 seilicet
982 2631 1061 2722 jure
1085 2635 1147 2698 su'o
1166 2653 1244 2700 usos
1263 2631 1365 2700 fuisse

240 2743 400 2840 praeteriti
418 2743 527 2842 saeculi
544 2741 725 2838 gallicanos
745 2741 918 2836 praesules,
935 2743 1012 2836 qui,
1032 2743 1234 2838 posthabitis
1258 2747 1365 2815 sancti

239 2861 342 2930 PiiV
368 2858 528 2945 decretis,
556 2883 659 2926 novas
693 2857 756 2925 sibi
783 2857 977 2927 conflarunt
1007 2873 1109 2952 atque
1143 2859 1178 2928 in
1209 2859 1366 2930 dioeceses

240 3001 315 3044 suas
336 2973 508 3070 illegitime
528 2968 736 3042 induxerunt
755 2972 926 3068 liturgias,
945 2997 1008 3042 nec
1028 2974 1196 3065 patienter
1212 2975 1367 3043 ferebant

241 3089 348 3158 dictos
367 3088 520 3183 praelatos
539 3114 580 3158 eo
598 3090 734 3156 nomine
753 3089 866 3181 carpi,
883 3088 976 3185 quod
993 3088 1192 3158 certissimas
1206 3086 1366 3158 Ecclesiae

241 3203 350 3300 leges,
377 3228 419 3272 ex
447 3227 562 3273 errore
590 3202 705 3271 saltem
733 3219 766 3270 et
796 3200 885 3269 bona
912 3203 1000 3289 lide,
1021 3203 1219 3296 transgressi
1245 3219 1366 3274 essent.

242 3325 413 3390 Norartnn
431 3332 542 3386 autem
570 3316 735 3410 ejusmodi
758 3314 972 3414 liturgiarum
998 3315 1210 3387 introductio
1235 3315 1366 3388 facilius

241 3434 440 3530 sperabatur
459 3432 501 3500 ab
518 3429 766 3526 illegitimitatis
780 3443 861 3498 nota
873 3429 1037 3498 vindicari
1052 3439 1169 3523 poss'e,
1184 3429 1211 3498 si
1227 3429 1366 3524 liturgia

241 3552 313 3644 ipsa
334 3548 502 3616 videretur
517 3571 586 3615 esse
601 3545 683 3639 quid
698 3545 838 3613 minoris
857 3545 1038 3631 momenti,
1055 3545 1098 3612 ad
1113 3545 1193 3614 lidei
1208 3545 1366 3641 dogmata

242 3663 382 3733 minime
401 3661 574 3757 pertinens
598 3676 632 3727 et
659 3684 736 3752 eum
759 3661 805 3727 eis
826 3657 1023 3729 nullatenus
1048 3680 1249 3727 connexum.
1277 3659 1367 3727 Hinc

243 3775 468 3846 obfuseatade
479 3773 623 3870 liturgiae
633 3771 752 3842 natura
769 3775 958 3843 communis
973 3788 1076 3868 atque
1094 3771 1239 3868 genuina
1259 3771 1367 3856 notio,

244 3905 278 3962 et
291 3903 409 3986 negata
427 3890 595 3984 praecipua
611 3884 1235 3985 ipsiusproprietasintrinseca,valor
1246 3911 1367 3980 nempe

245 4003 466 4102 dogmaticus.
489 4005 553 4104 Cui
573 4005 700 4095 errori,
724 4019 848 4100 utpote
866 4000 1070 4098 grauissimis
1097 3999 1255 4098 periculis
1274 3999 1367 4090 soato,

245 4123 281 4190 in
294 4121 359 4189 hac
372 4122 480 4215 prima
491 4134 653 4189 tractatus
664 4121 769 4190 nost-ri
784 4130 880 4213 parte
889 4117 1023 4188 obviam
1036 4116 1185 4186 eundum
1197 4115 1365 4184 duximus.

251 4362 263 4392 ‘²
284 4363 320 4439 (l)
339 4363 378 4419 itu
395 4363 462 4419 inter
475 4363 538 4419 alios
557 4363 592 4419 D.
626 4361 913 4438 Fatetdmelianensis
931 4361 1073 4436 Episcopus
1093 4359 1120 4414 in
1135 4375 1212 4441 opere
1227 4358 1268 4413 cui
1281 4357 1368 4414 titulus

247 4461 364 4511 Eeamsu
376 4461 418 4510 des
428 4458 592 4510 tustttuttoua
604 4459 760 4523 ttturytques
769 4455 1003 4520 comptu
1015 4453 1077 4506 ΙΝ
1089 4452 1260 4506 alum.
1325 4455 1328 4460 ’
