2978 5076
490 377 537 422 nn
562 375 649 424 saxa
674 377 883 428 nmuamco.
1184 357 1250 459 175

111 527 133 566 a
148 514 208 571 tua
229 504 391 572 Romanae
407 495 561 568 Ecclesiae
579 501 874 594 consuetudinem,
901 504 937 576 in
961 529 1029 599 qua
1047 531 1082 576 se
1101 510 1256 582 meminit

111 645 135 683 *a
152 619 352 690 enutritam.
371 613 435 684 sed
452 615 534 684 milri
548 613 675 710 placet,
693 633 730 688 ut
745 618 816 689 sive
829 620 862 688 in
881 635 995 692 sancta
1008 625 1174 714 Romana,
1184 626 1253 698 sive

111 766 131 802 a
152 736 187 803 in
211 732 429 822 Galliarum,
443 731 512 801 sive
534 733 568 800 in
589 729 747 826 qualibet
770 734 911 806 ecclesia
930 736 1057 832 aliquid
1080 740 1254 831 invenisti,

112 878 131 915 a
148 849 246 945 quod
266 846 343 943 plus
360 847 586 942 omnipotenti
600 852 675 918 Deo
693 850 800 944 possit
816 846 960 945 placare,
978 851 1119 924 sollicite
1131 853 1247 951 eligas,

121 979 191 1034 aet
214 965 249 1032 in
264 957 456 1058 anglorum
475 961 628 1054 ecclesia,
649 989 724 1059 quae
741 963 853 1034 adhuc
873 965 907 1035 in
926 967 994 1036 lide
1012 993 1099 1038 nova
1119 985 1180 1060 cst,
1199 973 1251 1041 in-

120 1111 139 1148 a
158 1080 338 1150 stitutione
352 1080 538 1176 praecipua,
554 1105 628 1174 quae
647 1079 687 1150 de
703 1080 819 1151 multis
837 1081 984 1153 ecclesiis
1008 1083 1167 1181 colligere
1187 1111 1251 1182 po-

119 1227 138 1263 a
156 1197 254 1266 tuisti
283 1193 456 1268 infundes.
488 1197 567 1268 Non
588 1195 677 1264 enim
693 1221 761 1290 pro
790 1193 870 1268 locis
894 1222 958 1288 res,
986 1198 1043 1269 sed
1070 1223 1133 1294 pro
1156 1201 1256 1272 bonis

123 1343 140 1379 a
159 1309 262 1387 rebus
286 1310 359 1381 loca
384 1311 486 1380 nobis
513 1310 657 1382 amanda
678 1327 795 1382 sunta
820 1311 940 1407 (apud
956 1314 1090 1403 Labbe‚
1111 1329 1191 1386 tom.
1213 1321 1254 1406 V,

114 1451 207 1524 page
229 1425 347 1520 1568).

167 1547 261 1638 Ergo
280 1555 316 1610 et
336 1541 498 1612 extabant
520 1541 699 1612 varietates
719 1541 895 1639 liturgicae,
916 1557 1029 1613 escas
1050 1569 1167 1614 omncs
1182 1570 1252 1617 non

128 1659 336 1755 reprobabat
355 1663 387 1732 S.
399 1659 595 1755 ‘Gregorius
615 1663 779 1756 Magnus,
795 1675 831 1731 et
849 1662 885 1729 in
901 1685 993 1730 nova
1014 1661 1251 1735 constituenda

112 1775 310 1872 anglorum
333 1773 476 1844 ccclesia
503 1799 571 1844 non
600 1774 844 1872 injungebatur
863 1777 984 1848 stricta
1004 1775 1253 1849 introducenda

123 1890 273 1986 liturgiae
286 1893 449 1960 Romanae
464 1887 587 1960 forma.

112 2035 116 2042 ·
170 2005 266 2075 Idem
295 2019 456 2100 praetensa
486 2019 678 2076 constater
705 2005 896 2078 diversitate
920 2005 1065 2104 liturgiae
1089 2011 1251 2078 Romana

121 2147 200 2194 cum
216 2121 406 2222 gallicana
426 2123 554 2209 veteri,
577 2146 652 2216 quaa
674 2136 796 2192 octavo
817 2136 949 2193 tantum
967 2147 1086 2193 saacuo
1105 2149 1123 2192 e
1139 2124 1249 2196 Gallia

126 2239 261 2310 sublata
280 2254 345 2326 est,
366 2249 399 2307 et
428 2261 503 2334 quae
537 2238 714 2333 hucusque
735 2251 896 2333 tanquam
922 2238 1071 2334 legitime
1097 2240 1255 2312 obtinens

128 2354 173 2423 ab
191 2351 387 2448 Apostolica
405 2351 485 2422 sede
506 2352 622 2422 habita
647 2352 776 2442 luerat3
799 2350 879 2422 lieet
904 2352 1087 2422 identidem
1109 2357 1255 2426 Romani

123 2467 305 2542 Pontifices
318 2467 462 2538 unitatis
476 2465 639 2563 liturgicae
651 2481 766 2538 votum
780 2468 1023 2565 exprimerent.
1041 2468 1255 2540 Mozarabica

131 2586 261 2681 pariter
276 2583 413 2681 liturgia
432 2585 466 2652 in
487 2584 658 2679 Hispaniis
676 2585 785 2680 viguit
808 2583 978 2680 usquead
999 2588 1034 2656 S.
1050 2585 1256 2681 Gregorium

114 2702 333 2798 ·septimum;
355 2715 390 2771 et
411 2699 490 2772 licet
508 2698 565 2770 ille
585 2699 753 2791 Pontifex,
773 2700 970 2773 existimans
988 2725 1061 2771 eam
1078 2701 1254 2773 diversita·
1297 2696 1302 2707 ’

127 2831 197 2888 tem
211 2816 290 2912 jam
313 2812 536 2911 periculosam
559 2815 702 2886 evasisse
719 2839 781 2886 nec
804 2812 946 2886 ulterius
970 2839 1042 2888 esse
1062 2818 1257 2911 permitten-

126 2932 218 3021 dam,
238 2931 361 3002 acriter
378 2930 604 3027 reprehendat
620 2957 676 3002 eos
693 2932 752 3026 qui
768 2931 893 3003 dictam
910 2931 1087 3026 liturgiam
1110 2933 1256 3002 retinere

128 3048 361 3137 conabantur,
376 3072 475 3117 nemo
501 3063 612 3118 tamen
631 3046 840 3116 inficiabitur
856 3045 1035 3140 Hispanias
1054 3069 1094 3115 eo
1109 3046 1179 3119 ritu
1199 3071 1254 3116 re·

91 3193 92 3198 ¹
129 3161 417 3253 troactissaeculis,
433 3161 572 3258 pacifice
585 3176 761 3232 annuente
771 3159 968 3258 Apostolica
980 3160 1070 3253 sede,
1085 3185 1158 3234 esse
1165 3187 1253 3234 usas.

572 3377 726 3448 CAPUT
750 3378 814 3446 IV.

133 3575 275 3625 ocxxvo
292 3573 431 3623 sescum
449 3571 605 3620 suanam
627 3573 691 3620 aar
709 3570 868 3634 eumont
887 3570 1061 3622 aaronem
1083 3571 1260 3622 recursu·

180 3692 260 3740 naar
280 3689 432 3758 cannia,
451 3691 494 3738 aa
515 3690 670 3739 nonnus
693 3688 923 3736 mrsonucrx
948 3690 955 3732 :
982 3687 1040 3733 ma
1064 3688 1188 3736 naman
1211 3689 1257 3736 aa

178 3806 674 3874 snsconmcnum,aunmrn1,
691 3805 903 3854 maurium
924 3804 1004 3866 Quas
1027 3805 1078 3850 an
1093 3805 1261 3854 suasanu-

180 3923 308 3972 amnm
323 3924 397 3972 non
416 3919 672 3986 austrannus,
685 3918 793 3970 reuss
810 3920 1046 3988 onnmxnxos,
1059 3920 1126 3966 aas
1141 3919 1262 3970 concr-

182 4033 767 4087 mxrnovmcmmxaauausaam.
848 4005 852 4012 ’

175 4207 212 4273 Ἰ.
227 4204 386 4299 Amiquae
399 4203 543 4302 liturgia
563 4204 786 4276 sublationem
808 4207 1021 4274 ct'llomanae
1041 4204 1260 4276 introductio·

133 4320 315 4392 nemsa'tis
333 4335 505 4392 testantur
521 4319 595 4392 haec
613 4347 687 4420 quae
699 4321 896 4418 subjicimus
909 4335 1135 4392 monumenta
1150 4347 1166 4391 t*

153 4471 156 4477 ·
178 4439 240 4510 lde
253 4432 1264 4540 GhrodogaddollletcnsiEpiscoposicscripsitPaulusDia·
