3004 5070
478 351 527 396 DE
549 352 565 396 J
569 351 637 398 ΗΚΒ
663 351 867 398 ntrunctco.

635 551 710 642 §1-

318 746 366 802 lus
377 746 526 820 liturgicum
537 746 622 820 qnond
633 745 746 802 officinm
753 745 786 801 ll.
799 746 887 804 llario
900 747 1026 819 Virginis.

157 933 218 999 Jus
234 927 318 996 illud
334 928 596 998 determinatum
621 927 719 998 suita
740 930 775 998 S.
794 928 898 998 PioV
916 929 950 995 in
972 927 1066 998 bulla
1082 933 1239 1028 Superni

109 1043 211 1133 (Butt.
228 1048 339 1131 Rom,
359 1059 382 1115 t.
405 1048 468 1126 lv,
487 1058 583 1138 parte
604 1068 657 1131 nr,
676 1068 753 1138 pag.
780 1040 876 1134 153),
895 1068 970 1136 quae
987 1045 1035 1112 sic
1055 1045 1206 1114 decernit
1226 1073 1235 1116 :

158 1189 174 1222 a
195 1163 283 1230 Cum
306 1161 418 1253 itaque
445 1161 480 1226 in
501 1159 733 1228 executionem
754 1159 967 1229 decretorum
985 1161 1072 1228 sacri
1100 1159 1236 1230 concilii

110 1273 345 1362 «Tridentini,
365 1275 476 1368 gretia
496 1274 611 1343 divina
634 1276 823 1362 assistente,
838 1273 1041 1342 catechismo
1062 1273 1105 1343 nd
1121 1275 1235 1370 populi

108 1389 365 1458 «eruditionem
381 1388 488 1476 edito,
506 1389 711 1458 breviario...
727 1387 921 1475 reformato,
944 1403 1047 1482 atque
1064 1388 1231 1460 missali...

109 1531 126 1566 α
141 1501 183 1570 ad
203 1501 379 1596 pristinam
399 1517 592 1572 sanctorum
615 1507 752 1572 Petrum
774 1526 927 1570 normam
954 1503 1124 1592 restituto,
1143 1527 1235 1572 eam-

109 1649 127 1684 «
140 1618 215 1686 dem
235 1644 352 1687 euram
375 1633 409 1688 et
435 1643 573 1712 operam
597 1617 749 1688 adhiberi
768 1617 1041 1686 mandaverimus
1066 1619 1101 1686 in
1120 1644 1235 1688 ernen-

109 1763 125 1798 «
141 1732 253 1804 (lando
270 1758 309 1801 ac
328 1733 530 1827 corrigendo
540 1730 789 1827 gloriosissimae
803 1732 865 1800 Dei
880 1731 1101 1823 genitricisB.
1115 1735 1235 1803 Mariae

109 1845 290 1940 «Virginis
313 1845 486 1933 officio...;
511 1861 606 1914 rnotu
628 1845 768 1939 proprio
786 1859 821 1914 et
843 1869 885 1912 ex
911 1861 1002 1914 eerta
1027 1844 1177 1934 seientia,
1196 1874 1236 1918 ac

110 1990 126 2023 α
142 1960 184 2028 dc
199 1957 402 2054 Apostolicae
427 1961 603 2054 potcstatis
625 1958 849 2053 plenitudine,
864 1959 975 2028 officia
997 1986 1233 2056 quecumque,

109 2077 295 2170 «inprimis
313 2073 444 2160 italico,
466 2100 527 2144 seu
553 2075 678 2170 quovis
694 2073 761 2142 alio
779 2073 908 2168 vulgari
928 2073 1087 2144 idiomate
1110 2091 1144 2144 et
1165 2104 1237 2146 ser-

110 2222 127 2256 «
140 2217 240 2262 mone
262 2189 517 2285 quomodolibet
538 2189 783 2282 composita...,
806 2189 952 2282 denique
973 2191 1086 2258 omnia
1106 2205 1140 2260 et
1167 2194 1238 2260 sin·

107 2335 123 2368 «
139 2304 215 2398 gula
239 2303 304 2372 alia
327 2303 438 2372 officia
463 2302 671 2396 hujusmodi,
696 2305 796 2372 etiarn
813 2301 919 2374 latino
944 2329 1132 2374 sermone...
1161 2332 1236 2400 per·

109 2449 126 2483 e
140 2417 290 2514 vulgata,
304 2418 347 2486 ab
366 2418 558 2486 omnibus...
580 2418 640 2510 qui
656 2417 700 2486 ad
721 2419 953 2488 recitationem
974 2418 1078 2488 officii
1097 2425 1136 2490 B.
1159 2425 1236 2492 Ma·

109 2564 125 2597 «
141 2537 198 2602 riae
224 2548 382 2602 tenentur
413 2547 448 2600 et
469 2531 610 2624 obligati
637 2549 734 2620 sunt,
762 2533 910 2603 tollimus
936 2549 969 2602 et
995 2533 1233 2608 abolemus...:

109 2681 125 2712 a
142 2649 206 2718 illis
232 2665 343 2716 tamen
371 2647 492 2716 officiis
517 2649 663 2741 exceptis
686 2649 886 2742 (dummodo
908 2647 1039 2744 vulgari
1063 2675 1233 2739 sermone,

109 2780 178 2836 aut
206 2763 401 2860 prefertur,
429 2789 499 2832 non
530 2764 597 2832 sint
623 2765 825 2862 composita)
853 2791 927 2858 quae
952 2766 995 2834 ab
1024 2767 1095 2862 ipso
1124 2770 1235 2862 prirnn

109 2911 126 2946 n
141 2904 258 2952 eorum
281 2879 497 2948 institutione
520 2903 540 2948 a
565 2877 642 2948 sede
661 2880 858 2973 Apostoliea
875 2905 1029 2975 expresse
1046 2882 1233 2975 approbata

110 2993 533 3086 «filerunt,velqnoru1n
560 2993 753 3062 officiorum
778 3009 907 3062 certum
930 3019 1030 3062 nsum
1054 3011 1235 3064 consuetu·

109 3110 232 3197 adine,
254 3123 316 3177 aut
333 3109 404 3202 ipsa
423 3107 650 3192 institutione,
672 3132 774 3200 supra
795 3122 907 3176 tamen
928 3106 1092 3178 ducentos
1108 3134 1234 3196 annos,

107 3222 270 3290 «assidue
289 3221 504 3290 observatum
523 3219 630 3289 fuisse
653 3222 852 3291 constiterit.

157 3365 174 3400 r<
189 3337 239 3406 Ab
258 3337 298 3404 iis
320 3361 399 3405 vero
425 3338 485 3430 qui
511 3335 553 3404 ad
575 3335 725 3429 ejusdem
755 3335 858 3406 officii
885 3339 923 3406 B.
948 3338 1065 3406 Mariae
1083 3339 1235 3434 Virginis

107 3451 368 3520 «recitationem
398 3476 468 3520 non
506 3449 621 3544 aliqua
651 3448 859 3544 obligatione
890 3464 1069 3536 tenentur,
1099 3478 1234 3522 omnem

108 3596 125 3630 ιι
139 3566 333 3636 eorumdem
372 3565 564 3636 officiorum
611 3565 744 3662 vulgari
789 3591 943 3636 sermone
981 3566 1235 3662 quomodolibet

108 3682 430 3776 «compositorum,
452 3695 556 3774 atque
581 3679 700 3750 similis
727 3680 896 3751 idiomatis
923 3680 1076 3775 vulgaris
1108 3685 1235 3752 oratio·

108 3827 124 3859 ι(
142 3821 239 3886 uum,
263 3797 363 3866 etiarn
383 3791 457 3864 aliis
474 3795 594 3866 officiis
607 3794 703 3865 latini
718 3797 881 3866 sermonis
899 3797 1112 3885 insertarum,
1134 3822 1231 3868 usum

107 3942 124 3976 <r
138 3912 274 4007 penitus
295 3913 395 3980 etiarn
413 3910 609 3980 auferimus.

156 4055 172 4088 «
189 4023 271 4094 lllos
291 4023 511 4094 nihilominus
533 4027 593 4122 (nc
611 4025 783 4097 erroribus
807 4025 931 4117 quibus
947 4023 1014 4094 alia
1031 4024 1101 4096 fere
1118 4029 1232 4098 omnia

108 4172 123 4207 α
140 4140 248 4211 latino
266 4166 418 4220 sermone
433 4141 555 4210 referta
573 4167 645 4210 esse
661 4141 904 4237 deprehensum
923 4140 1018 4238 fuir),
1037 4143 1072 4212 in
1085 4146 1235 4214 Domino

107 4256 314 4325 «hortantes
343 4270 383 4324 ut
410 4255 453 4324 ab
480 4253 625 4326 aliorum
651 4260 689 4326 B.
715 4257 832 4325 Mariae
858 4283 961 4352 quam
994 4257 1097 4352 hujus
1127 4262 1234 4328 nostri

109 4399 126 4432 n
141 4369 243 4440 officii
268 4368 409 4441 lectione
424 4395 464 4440 ac
483 4395 546 4440 usu
566 4371 797 4443 abstineant...
