3018 5070
213 319 261 403 io
672 339 878 388 ansericus

167 555 169 562 Α
210 492 332 561 porum
356 464 504 562 liturgiae
522 467 650 563 dogma
675 465 760 537 illud
783 467 994 561 exprimant3
1024 490 1134 561 neque
1153 469 1340 561 requiritur

205 597 243 652 ut
261 607 457 677 expressum
482 584 676 677 reperiatur
702 583 736 651 in
762 581 920 652 omuibus
942 572 1082 652 omnino
1103 582 1276 653 hodiernis
1295 583 1342 652 ti-

205 693 471 790 turgiis53neque
495 695 685 789 praesertim
705 709 745 764 ut
766 696 978 767 occursatio
1003 696 1176 766 veteribus
1202 712 1262 766 aut
1290 723 1343 767 re·

205 808 362 878 centibus
380 809 619 880 haereticorum
650 823 710 878 aut
737 808 1029 879 schismaticorum
1045 808 1140 879 libris
1157 808 1343 904 liturgicis;

207 921 265 990 sed
286 947 426 1018 prorsus
450 925 530 993 satis
561 939 612 994 est
635 938 697 1010 ut,
728 921 780 991 vel
810 920 889 991 olim
918 947 1111 1016 expressum
1146 923 1268 1012 fuerit,
1287 924 1344 994 vel

210 1036 311 1106 hodie
325 1040 535 1133 exprimatur
552 1039 623 1110 sive
645 1039 681 1106 in
702 1036 772 1107 sola
795 1042 949 1108 Romana
965 1037 1116 1134 liturgia,
1135 1041 1205 1108 sive
1226 1040 1261 1109 in
1285 1039 1345 1110 illa

211 1151 310 1236 simul
343 1169 377 1222 et
407 1152 596 1224 multarum
621 1154 766 1225 aliarum
796 1154 1013 1224 ecclesiarum
1045 1153 1192 1250 liturgiis
1223 1181 1231 1222 :
1265 1156 1345 1248 quia

212 1291 334 1360 nempe
366 1293 477 1361 neque
499 1267 582 1336 olim
604 1270 736 1362 potuit,
759 1293 870 1360 neque
892 1268 993 1338 hodie
1013 1283 1144 1362 potest,
1171 1293 1280 1361 neque
1309 1271 1345 1338 in

213 1380 367 1449 futurum
394 1382 523 1474 poterit
546 1406 660 1451 errare
689 1383 724 1450 iu
740 1381 892 1452 docenda
920 1397 954 1452 et
981 1382 1171 1476 profitenda
1191 1383 1348 1453 doctriua

213 1493 312 1584 fidei,
347 1495 417 1564 sive
448 1494 596 1565 Ecclesia
628 1500 781 1566 Romana
818 1498 957 1567 seorsim
994 1498 1237 1586 considerata,
1276 1499 1349 1571 sivo

214 1606 272 1678 illa
295 1600 445 1680 Ecclesia
473 1608 574 1680 simul
603 1635 680 1680 cum
712 1610 827 1681 multis
859 1611 946 1684 aliis.
977 1615 1145 1682 Caeterum
1177 1613 1242 1683 hoc
1274 1613 1349 1708 ipso

129 1706 132 1710 ⁵
216 1722 308 1815 quod
326 1721 455 1816 aliquid
469 1723 638 1819 dogmatis
661 1723 818 1819 liturgico
833 1726 875 1796 ab
891 1725 1209 1797 Ecclesia¹Romana
1229 1727 1350 1796 docea-

145 1859 146 1862 ’
218 1855 285 1924 tur,
317 1837 405 1906 idem
431 1841 481 1930 (ul
501 1863 602 1933 supra
619 1839 870 1934 adnotavimus)
900 1840 999 1910 docet
1016 1840 1349 1935 quamplurimarum

217 1950 433 2022 ecclesiarum
458 1953 701 2024 catholicarum
728 1953 883 2050 liturgia;
906 1980 984 2026 cum
1004 1955 1045 2025 de
1077 1955 1165 2026 lacto
1205 1956 1350 2026 maxima

217 2093 296 2162 pars
315 2067 531 2137 ecclesiarum
542 2072 731 2139 Romanam
750 2067 921 2164 liturgiam
940 2083 1139 2164 sequautur.

266 2182 460 2277 Propositio
490 2183 537 2254 8².
550 2223 598 2236 -
622 2187 753 2254 Contra
786 2182 986 2254 doctrinam
1013 2189 1053 2254 in¹
1069 2182 1353 2280 praecedentibus

210 2297 511 2394 propositionibus
544 2297 744 2369 stabilitam
783 2297 1037 2392 difficultatem
1060 2298 1162 2394 sooit
1196 2316 1354 2392 systema

207 2437 336 2484 vcortun
365 2413 428 2508 qui
447 2427 580 2507 putant
588 2437 700 2507 posse
718 2437 858 2508 pronos
875 2412 1065 2498 Ecclesiae,
1085 2416 1195 2484 etium
1209 2413 1353 2511 quondo

220 2526 314 2598 olore
333 2524 531 2597 doctrinam
545 2527 768 2622 exprimunt,
787 2530 856 2597 niti
872 2527 1098 2623 opinionibus
1118 2545 1257 2600 tontum
1267 2553 1355 2624 pro·

223 2639 647 2711 habilibus-Fatendum
668 2657 719 2710 est
741 2667 818 2712 eam
837 2643 940 2712 fuisse
959 2642 1154 2737 aliquorum
1173 2659 1355 2714 auctorum

223 2757 476 2850 opinationem,
494 2771 533 2825 ut
556 2757 665 2853 possit
686 2754 834 2826 Ecclesia
859 2757 986 2851 aliquid
1005 2757 1154 2852 generali
1173 2762 1270 2853 praxi
1288 2758 1354 2828 fre·

230 2886 414 2966 quentare,
442 2870 551 2964 quod,
582 2871 659 2940 licet
686 2872 810 2967 dogma
833 2897 892 2942 seu
922 2872 1113 2942 doctrinam
1140 2875 1353 2968 exprimens,

229 3011 300 3056 non
316 2987 447 3059 nitatur
463 3000 574 3054 tamen
591 2986 655 3055 nisi
676 2987 837 3081 opinione
863 2985 1053 3080 probabili3
1076 2988 1122 3056 ita
1141 3001 1179 3056 ut
1202 2985 1357 3056 absolute

232 3101 367 3170 evenire
385 3101 489 3193 possit
504 3115 542 3168 ut
556 3099 639 3170 lalsa
653 3102 845 3194 reperiatur
862 3100 1017 3172 doctrina
1032 3125 1134 3196 quam
1152 3099 1228 3170 talis
1244 3101 1357 3197 praxis

228 3229 346 3310 aperte
366 3215 580 3307 exprimeret.

282 3331 337 3401 Sic
353 3334 507 3425 Vosqucz
525 3328 581 3425 (de
598 3329 826 3416 Eucharistia‚
838 3328 965 3423 disput.
985 3329 1075 3418 228,
1093 3351 1169 3424 cap.
1187 3329 1220 3418 3,
1237 3355 1273 3400 n.
1294 3354 1358 3418 12,

234 3463 258 3516 t.
278 3447 362 3535 Vll,
383 3472 415 3540 p.
433 3443 542 3542 451),
557 3460 735 3540 postquam
750 3445 911 3516 sustinuit
925 3469 994 3514 non
1010 3470 1108 3540 posse
1120 3445 1238 3514 offerri
1252 3446 1359 3514 missae
1438 3537 1440 3542 Ι

233 3558 436 3631 sacrificium
457 3587 517 3654 pro
530 3563 779 3631 catechumenis
792 3563 860 3631 sive
879 3562 1071 3631 viventibus
1088 3562 1156 3630 sive
1174 3559 1359 3647 defunctis,

236 3673 301 3744 sibi
330 3687 460 3742 textum
485 3674 604 3767 objicit
628 3675 803 3768 cujusdam
830 3672 965 3746 ordinis
986 3676 1141 3758 romoni,
1164 3677 1224 3768 qui
1246 3671 1360 3744 Caroli

234 3787 354 3883 Magni
374 3812 483 3856 aevum
500 3789 606 3881 sapit,
630 3803 664 3857 et
688 3813 730 3857 ex
756 3814 825 3882 quo
851 3789 1022 3860 videretur
1052 3790 1164 3882 praxis
1191 3788 1361 3857 contraria

237 3918 320 3972 tunc
335 3903 495 3998 temporis
515 3900 679 3998 generalis
698 3903 810 3974 fuisso.
825 3904 939 3974 Primo
956 3899 1091 3996 quidem
1110 3901 1289 3997 respondet
1302 3925 1363 3996 per

237 4019 330 4088 hunc
349 4031 478 4086 textum
496 4044 572 4110 non
583 4019 720 4114 probari
743 4019 990 4088 sanctissimum
1006 4016 1204 4086 sacrificium
1224 4017 1364 4113 proprie

238 4147 272 4203 et
288 4132 413 4202 directe
427 4159 489 4228 pro
511 4135 760 4204 catechumenis
779 4133 879 4202 fuisse
906 4129 1081 4217 oblatum3
1104 4130 1161 4200 sed
1181 4144 1297 4225 postea
1321 4129 1365 4199 ad

238 4249 327 4318 hanc
345 4250 526 4320 secundam
547 4251 798 4346 responsionem
824 4248 995 4318 recurrit:
1015 4277 1032 4312 a
1048 4246 1264 4341 Respondere
1288 4245 1364 4338 quis

242 4393 261 4429 u
277 4380 410 4460 posset,
428 4365 520 4460 quod
534 4366 657 4436 attinet
682 4364 724 4435 ad
744 4363 920 4433 essentiam
948 4378 982 4433 et
1006 4361 1229 4432 substantiam
1256 4383 1366 4430 sacra-
