2978 5076
482 397 529 442 nn
552 397 644 445 suar
668 397 872 445 urruns-ico.
1172 373 1241 469 ιδ’)

110 523 354 594 moderandam
376 523 548 621 liturgiam
577 525 719 621 singulis
743 525 891 596 eoelesiis
917 546 978 621 per
1002 522 1100 620 plura
1124 522 1243 594 seacula

111 639 326 734 aliquatenus
339 639 543 734 permiserit,
558 665 627 710 non
644 657 757 710 tamen
784 665 824 710 ao
837 665 937 712 seusu
958 641 1146 736 permisisse
1163 665 1243 710 ceu·

110 754 214 824 serrda
223 754 395 850 estquod
403 755 554 850 potuerat
565 753 707 850 qurlrbet
717 757 907 851 Episcopus
916 753 1087 850 liturgiam
1100 755 1144 823 ab
1156 757 1244 824 anti·

110 895 182 964 quo
201 870 359 940 traditam
374 883 409 940 et
419 869 631 940 obtinentem
649 870 816 940 demedio
830 868 959 958 saltem,
973 885 1012 941 et
1024 895 1148 939 novam
1166 895 1245 965 qne

111 986 147 1054 in
165 1010 232 1054 usu
257 984 380 1054 nullibi
404 985 522 1054 fuisset
540 985 680 1080 proprio
701 1002 810 1056 marte
836 988 1041 1056 concinnare
1059 1001 1097 1056 et
1119 985 1243 1055 substi-

111 1115 220 1170 tuere.
231 1099 315 1170 Tale
324 1101 381 1194 jus
397 1101 595 1196 liturgicum
610 1127 787 1196 nunquam
806 1101 927 1171 babuit
946 1099 1013 1170 ulla
1026 1099 1243 1196 particularis

112 1215 273 1309 synodus,
295 1232 356 1285 aut
372 1215 463 1286 ullos
487 1215 700 1311 particularis
724 1218 903 1287 dioeceseos
921 1216 1095 1312 praelatum
1112 1215 1168 1284 sed
1180 1241 1244 1310 po-

111 1343 254 1398 tuerunt
276 1345 411 1399 tantum
422 1328 570 1425 liturgiis
587 1355 608 1400 a
629 1331 867 1402 fustuarium
880 1330 1093 1401 accbsiarum
1109 1330 1243 1400 traditis

112 1457 147 1512 et
157 1445 570 1516 constitutisacoeasiouss
583 1446 747 1539 quasdam
761 1448 1028 1543 commotionem
1042 1471 1105 1540 pro
1114 1461 1243 1540 ternpo-

111 1582 188 1628 rum
204 1559 339 1630 ratione
355 1559 624 1630 anoununodare.

155 1674 324 1744 Praeterea
336 1701 405 1744 non
421 1677 587 1772 potuisset
599 1677 769 1771 prioribus
779 1673 909 1746 saeculis
919 1675 1040 1772 aliquis
1052 1674 1242 1770 Episcopus

110 1783 257 1881 liturgiae
283 1787 422 1860 totalem
445 1789 717 1862 immutationem
738 1807 773 1862 et
795 1793 929 1864 noviter
955 1791 1116 1862 conterre
1133 1793 1241 1862 intro·

110 1901 310 1974 ductionem
332 1919 463 1976 tentare
492 1906 619 2000 almus
650 1917 790 1976 'summo
816 1905 986 1978 seandalo.
1018 1911 1241 2000 Unaquaeque

109 2020 201 2090 enim
217 2017 357 2088 molesia
375 2019 420 2088 ab
437 2010 593 2115 apostolo
621 2021 672 2090 vel
691 2020 876 2115 apostolico
898 2022 971 2090 viro
997 2021 1158 2090 traditam
1175 2020 1239 2090 sibi

109 2133 296 2228 liturgiam,
320 2133 423 2206 veluti
442 2161 576 2206 sacrum
591 2137 845 2232 depositum,et
858 2138 1059 2206 tutissimam
1078 2134 1238 2204 credendi

109 2263 141 2316 et
153 2249 276 2343 agendi
294 2249 457 2342 regulam,
471 2251 706 2344 ingratissimo
725 2249 798 2320 zelo
815 2249 1038 2320 nistosliebat.
1048 2251 1141 2320 Dum
1155 2273 1240 2342 ergo

110 2363 388 2458 generationibus
406 2364 492 2434 adso
511 2364 700 2436 imbibitum
719 2363 806 2434 socri
821 2361 936 2434 cultus
952 2363 1097 2434 sormam
1115 2361 1240 2456 aliquis

109 2479 298 2572 Episoopus
312 2477 505 2550 subvertere
521 2493 696 2568 tentasset,
709 2503 799 2550 nora
814 2493 847 2550 at
864 2499 1039 2574 nunquam
1053 2477 1238 2548 traditam·

109 2597 342 2685 troducturus,
361 2596 494 2692 injuriae
507 2597 543 2666 in
562 2613 717 2668 sanctum
731 2596 890 2668 Ecclesia
908 2596 1123 2670 fundatorem
1140 2622 1236 2688 rens,

109 2729 213 2807 atque
238 2713 308 2806 ipsa
330 2716 482 2784 novitate
501 2728 678 2811 mrspaetns
696 2715 791 2809 apud
814 2739 931 2784 omnes
959 2715 1138 2785 extitisset.
1165 2717 1239 2786 Nes

107 2827 252 2900 dubium
269 2829 355 2922 quin
369 2830 400 2898 ri
415 2830 568 2900 unanimi
583 2830 662 2900 nisu
683 2827 793 2900 clerus
808 2828 1025 2925 populusque
1043 2829 1239 2918 restitisset;

107 2945 271 3038 priusque
286 2943 754 3042 sublatusEpisoopus,quam
770 2946 843 3040 ipsa
855 2944 995 3040 expulsa
1009 2944 1145 3037 liturgia
1154 2945 1238 3014 fuis-

106 3074 167 3129 set.
183 3059 430 3129 posterioribus
448 3075 562 3130 autem
578 3059 705 3128 saeculis
721 3083 762 3127 eo
784 3059 892 3152 major
903 3058 1047 3130 excitata
1064 3058 1180 3128 fuisset
1197 3083 1237 3128 ex

105 3175 196 3246 dicta
219 3175 455 3245 immutatione
475 3175 674 3261 commotio,
695 3199 764 3270 quo
778 3173 898 3268 majori
912 3173 1114 3267 antiquitate
1135 3197 1238 3243 vene-

105 3290 213 3360 randa
224 3291 331 3386 magis
342 3289 478 3385 liturgia
494 3290 651 3360 evasisset
662 3315 673 3378 ;
686 3315 749 3359 nec
760 3291 871 3359 minus
880 3290 971 3384 justa
991 3287 1124 3384 populis
1136 3313 1236 3358 causa

106 3406 243 3476 noviter·
262 3404 466 3478 coniectaret
481 3403 572 3476 nulla
586 3402 1128 3476 satislirmaauctoritatentunitae
1138 3401 1234 3474 litur-

104 3521 166 3614 giae
181 3519 379 3592 obsistendi.
393 3523 472 3592 Noa
483 3543 566 3614 ergo
576 3518 741 3592 censenda
752 3533 802 3590 est
819 3517 914 3588 sodes
921 3515 1114 3613 Apostolioa
1132 3515 1234 3586 talem

103 3648 307 3728 potestatem
319 3633 626 3728 jurisdictionalem
640 3632 781 3730 singulis
794 3633 971 3729 Episcopis
980 3647 1039 3702 aut
1053 3631 1237 3728 particula·

103 3752 196 3821 ribus
213 3750 352 3847 synodis
367 3748 549 3820 eontulisse
564 3765 626 3820 aut
642 3751 842 3844 permisisse,
860 3765 901 3820 ut
913 3749 1020 3820 dietas
1033 3749 1235 3818 commotio·

103 3891 162 3938 nes
178 3866 279 3950 meru,
291 3864 390 3935 nullo
400 3891 477 3935 enm
493 3864 665 3960 religionis
680 3866 809 3954 fructu,
822 3889 957 3936 summo
969 3889 1051 3933 vero
1064 3888 1143 3934 oum
1155 3861 1235 3934 fide
1340 3867 1343 3876 '

102 3996 135 4052 et
155 3981 250 4076 pacis
269 3979 435 4075 periculo,
458 3981 539 4075 ipsis
554 3979 697 4052 liberum
717 3977 833 4050 fuerit.
855 3983 934 4052 Uno
950 3978 1065 4065 verbo,
1083 3975 1160 4049 talis
1177 4003 1238 4073 po·

102 4110 206 4166 testas
227 4111 317 4166 esset
336 4095 539 4192 potestasid
567 4094 714 4185 malum3
734 4121 817 4192 ergo
834 4119 899 4165 neu
917 4108 979 4184 ast,
997 4117 1059 4164 nac
1077 4093 1155 4182 suit,
1173 4115 1236 4166 uec

104 4212 170 4282 erit
180 4235 343 4307 uuqaram.

149 4329 316 4397 Fatenmr
332 4341 446 4398 tamen
469 4329 698 4424 gravissimam
716 4325 773 4398 hin
784 4325 1012 4420 objectionem
1030 4347 1234 4410 noeumane,

101 4441 230 4514 batum
256 4467 377 4539 naarpe
397 4467 516 4514 earnm
538 4441 756 4514 orientalium
784 4441 999 4538 liturgiarum
1017 4465 1095 4534 qu
1114 4453 1189 4508 tuan
1211 4463 1232 4509 a
