3018 5070
505 360 552 404 DE
577 359 662 408 111ss
688 359 894 408 ntaunotco.
1220 363 1260 410 tt

133 503 170 559 et
180 500 370 582 praepotens
382 486 426 556 sit
438 485 988 558 sanctificationisinstrumentum
1002 485 1151 582 liturgia.
1163 487 1264 558 Unde

133 618 207 673 tota
224 603 413 697 generatim
433 625 485 670 res
506 599 662 696 liturgica
681 615 732 672 est
748 602 845 695 quasi
863 603 1021 696 perennis
1035 619 1140 696 atque
1161 603 1262 672 uber·

132 719 241 788 rimus
255 715 534 791 sanctificationis
552 715 693 804 fluvius,
709 716 752 787 ad
770 717 867 811 cujus
881 741 984 812 aquas
1002 715 1145 788 Ecclesia
1162 742 1263 813 gene·

133 833 285 900 rationes
312 855 432 900 omues
451 829 546 900 statis
569 828 687 900 diebus
714 831 860 902 etheris
884 831 1047 927 potandas
1070 847 1161 902 certa
1189 831 1263 927 lege

133 945 285 1014 adducit.

577 1085 729 1174 olent
752 1085 819 1154 vr.

92 1315 100 1334 ⁸
132 1310 314 1360 manacta
338 1310 398 1356 EST
424 1310 468 1376 EX
494 1309 642 1356 NATURA
668 1309 739 1357 SUL
764 1310 1034 1358 evaneattzatts
1056 1313 1098 1358 tta·
1116 1313 1264 1360 PBAEPO·

304 1425 391 1472 TENS
416 1423 765 1472 avantottuzaatottls
792 1424 1091 1474 tastamentum

182 1634 224 1716 Iu
252 1653 292 1698 eo
322 1628 489 1724 praecipue
511 1642 580 1698 stat
604 1653 730 1698 munus
748 1627 996 1723 evangelicum,
1023 1643 1061 1700 ut
1078 1628 1263 1702 doceantur

134 1746 289 1816 homiues
311 1745 485 1813 veritatem
504 1741 581 1810 fidei
592 1793 604 1828 ,
628 1756 661 1812 et
683 1744 873 1812 excitentur
893 1742 937 1814 ad
960 1743 1120 1814 sectanda
1147 1743 1263 1816 salutis

133 1881 247 1952 opera.
277 1861 385 1928 Porro
408 1857 443 1926 in
470 1856 632 1926 tradenda
657 1856 811 1926 doctriua
833 1855 912 1927 fidei
931 1872 1033 1950 atque
1056 1855 1124 1926 'alte
1141 1859 1263 1930 animis

133 1957 346 2042 infundenda
365 1970 549 2040 coelestium
567 1973 805 2066 mysteriorum
824 1970 1058 2066 intelligentia,
1074 1988 1263 2067 praepotens

132 2111 244 2180 praeco
269 2101 372 2180 atque
394 2086 555 2182 magister
576 2100 628 2156 est
651 2083 798 2180 liturgia.
826 2085 949 2158 Nullus
972 2085 1099 2158 scilicet
1120 2103 1190 2158 tam
1214 2088 1264 2159 fa·

134 2201 265 2270 candus
280 2199 399 2295 populi
415 2200 591 2270 christiani
610 2199 729 2269 doctor
748 2199 854 2268 :dum
874 2199 965 2268 euim
979 2196 1134 2270 doctores
1153 2202 1262 2272 caeteri

134 2313 245 2410 aliqua
268 2313 440 2408 religionis
463 2316 574 2410 capita
590 2313 769 2384 scribendo
790 2329 849 2384 aut
864 2312 1034 2408 loquendo
1054 2315 1261 2412 explanant,

133 2431 206 2525 ipsa
233 2444 341 2503 totam
367 2430 417 2498 rei
439 2427 632 2500 christianae
658 2429 797 2518 seriem,
815 2428 980 2500 ditissima
1000 2411 1156 2526 εςυᾶαο
1175 2429 1263 2500 vivi·

133 2543 274 2614 dissi-a
294 2544 479 2638 magisterii
500 2544 611 2614 forma
639 2558 804 2638 perpetuo
831 2543 968 2615 insonat
991 2544 1130 2616 auribus
1156 2558 1262 2637 atque

134 2658 240 2730 audis
265 2674 495 2755 representat.
522 2657 646 2730 Nullus
669 2673 738 2728 tam
761 2657 958 2728 universalis
980 2686 990 2729 :
1013 2661 1086 2754 ipsa
1109 2659 1261 2731 animab

133 2773 289 2868 aquilone
315 2775 359 2845 ad
387 2774 580 2862 meridiem,
604 2775 647 2844 ab
668 2775 798 2844 oriente
822 2774 865 2844 ad
887 2775 1095 2846 occidentem
1116 2771 1262 2870 populos

132 2913 248 2960 omnes
274 2886 374 2960 simul
404 2889 591 2984 alloquitur
620 2905 722 2984 atque
749 2889 922 2960 informat.
951 2887 1075 2961 Nullus
1100 2903 1169 2958 tam
1194 2888 1262 2974 fre·

133 3029 239 3097 quens
261 3027 271 3072 t
293 3004 363 3098 ipsa
380 3005 509 3074 enima
530 3031 629 3074 mane
643 3005 715 3074 fere
729 3004 773 3074 ad
792 3029 967 3100 vesperam
984 3030 1005 3074 a
1024 3003 1261 3097 praedicatione

133 3143 201 3188 nou
225 3133 349 3206 cessat,
376 3134 411 3188 et
432 3117 694 3188 solemnioribus
717 3119 797 3188 anui
822 3099 942 3189 diebus
968 3117 1111 3188 adaucta
1134 3117 1261 3213 eloquii

133 3231 259 3302 fluenta
277 3233 442 3304 immittit.
460 3235 494 3304 N
496 3232 589 3304 ullus
602 3248 671 3306 tam
691 3232 852 3328 eloquens
866 3247 968 3326 atque
980 3233 1132 3304 omnium
1145 3233 1260 3328 captui

130 3331 431 3434 accommodatum
451 3363 536 3442 quot
553 3350 644 3416 enim
665 3363 700 3418 et
720 3373 823 3443 quam
842 3347 1017 3422 intellectu
1035 3347 1146 3416 facilia
1161 3347 1261 3436 docet

133 3462 293 3556 baptismi
311 3465 433 3534 ritibus
452 3479 486 3532 et
500 3462 672 3534 formulis!
690 3465 786 3552 Quot
805 3463 913 3532 modis
927 3463 1127 3532 Trinitatem
1149 3460 1260 3555 loqui·

133 3575 204 3648 turl
229 3591 416 3671 caeteraque
448 3576 620 3672 religionis
639 3601 742 3671 quam
764 3576 884 3646 vividis
907 3576 1049 3666 ritibus,
1070 3578 1204 3662 verbis,
1228 3591 1262 3646 ot

135 3691 288 3760 cantibus
315 3681 429 3761 sancte
451 3685 637 3788 ingeminat
661 3707 693 3761 et
717 3686 859 3761 rudibus
875 3717 971 3786 teque
993 3717 1032 3761 ac
1054 3692 1261 3786 sapientibus

135 3803 303 3876 infundit!
326 3810 369 3876 Et
384 3807 454 3876 haeo
476 3808 614 3901 quidem
638 3807 749 3901 quoad
764 3807 992 3902 evangelicum
1013 3799 1257 3899 magisterium.

136 3925 176 3988 At
200 3947 271 3990 nou
300 3923 412 3991 minus
442 3937 520 4018 apta
550 3922 667 3992 eadem
701 3938 781 3994 eunt
809 3921 994 3992 excitandis
1019 3920 1062 3990 ad
1088 3919 1260 3989 salutifera

135 4057 237 4128 opera
261 4036 406 4132 populis.
429 4039 524 4126 Quot
546 4055 580 4108 et
602 4064 702 4133 quam
722 4038 838 4106 vividae
857 4039 892 4105 in
910 4039 1011 4106 sacris
1029 4036 1168 4122 officiis,
1187 4051 1259 4104 tum

126 4161 172 4218 'ex
191 4151 365 4245 Scriptura
382 4177 493 4241 sacra,
519 4169 590 4222 tam
608 4180 651 4224 ex
666 4157 805 4222 Petrum
828 4154 1024 4240 sententiis,
1044 4168 1144 4244 atque
1163 4150 1260 4243 ipsis-

134 4279 202 4332 met
220 4266 340 4336 ritibus
358 4267 619 4362 symbolicisque
639 4269 846 4339 caeremoniis
868 4269 1081 4364 ingeminata
1101 4265 1260 4336 adhorta·

133 4379 258 4452 tiones!
287 4384 336 4452 Ea
362 4397 415 4452 est
437 4386 620 4482 generatim
647 4383 791 4479 liturgia
817 4385 880 4474 vis,
906 4396 945 4452 ut
961 4398 1032 4454 tum
1051 4405 1093 4450 ex
1113 4375 1259 4454 natarali
