2978 5076
516 413 561 458 nr
583 411 671 460 runs
696 411 903 460 urruncrco.
1198 373 1272 480 odi

148 540 238 608 sumi
255 564 327 610 non
350 553 461 634 potest
482 549 665 610 consensus
684 539 740 610 ille
758 541 967 635 pontificius,
983 531 1127 617 disisub
1142 571 1180 614 ca
1194 571 1275 615 con·

150 653 277 724 ditione
303 654 394 748 quod
416 655 604 750 Episcopus
639 681 705 725 non
736 672 926 753 acceptam,
957 661 1103 730 rationes
1133 687 1200 732 non
1219 688 1278 734 ac·

150 767 309 864 ceptandi
327 769 370 838 ad
386 769 500 840 sedem
524 769 753 866 Apostolicam
778 771 913 866 dirigat.
937 770 998 842 llla
1018 789 1131 862 autem
1148 776 1276 869 princi·

149 885 206 980 pia·
220 884 362 953 decretis
377 886 488 956 Pianis
505 884 547 955 de
561 884 685 958 missali
700 901 735 956 et
750 887 919 956 breviario
934 886 1115 982 applicata,
1132 890 1175 958 ad
1186 891 1275 962 hanc

151 999 325 1070 deducunt
341 998 591 1070 conclusionem
608 1026 617 1070 ε
635 1002 662 1070 si
680 1003 755 1096 quis
774 1001 961 1097 Episcopus
982 1002 1024 1072 ad
1044 1003 1173 1074 tlictum
1187 1009 1278 1076 Pon·

151 1115 276 1186 tilicem
315 1114 597 1214 supplicationem
634 1117 804 1188 mittendo
843 1120 1091 1214 exemptionem
1123 1145 1183 1214 pro
1214 1147 1275 1200 sua

151 1231 302 1320 dioecesi,
329 1230 480 1327 alioquin
497 1258 539 1302 ex
561 1247 681 1305 tenore
697 1231 779 1326 legis
800 1259 868 1302 non
882 1248 1049 1328 exempta,
1075 1232 1273 1324 obtinuerit,
1311 1320 1316 1330 Ι

151 1346 193 1414 de
216 1347 282 1418 hoc
309 1347 524 1442 inpraesenti
555 1347 790 1418 dissertatione
819 1374 886 1418 non
915 1373 1089 1436 curamus;
1117 1351 1208 1443 quia·
1220 1351 1277 1444 jus

152 1487 330 1534 conrnrune
346 1465 558 1561 exponimus,
577 1489 646 1534 uon
669 1489 750 1534 vcro
775 1463 907 1532 indulta
926 1465 1102 1558 pontilicis
1121 1489 1195 1558 quae
1216 1464 1279 1534 ali-

151 1579 276 1674 quibus
293 1579 442 1652 ccelesiis
460 1581 601 1652 concedi
620 1596 819 1676 potuer-unt.
842 1582 878 1650 Si
898 1606 978 1650 vero
999 1579 1120 1675 aliquis
1138 1582 1279 1675 Episco-

152 1720 218 1790 pus
231 1695 330 1766 aliter
350 1721 452 1789 quam
475 1694 756 1791 supplicationem
776 1695 955 1790 dirigendo
974 1711 1009 1766 et
1030 1694 1199 1766 indultum
1213 1696 1278 1765 ob·

153 1808 309 1899 tinendo,
339 1810 511 1882 decretum
543 1812 688 1883 Planum
721 1837 741 1880 a
770 1837 839 1905 quo
877 1811 1109 1908 attingebatur
1136 1811 1277 1904 rejecit,

152 1927 340 1996 certissime
355 1927 507 2022 peccavit
522 1941 556 1998 et
571 1927 714 1996 minime
725 1927 891 2022 impedire
904 1929 1016 2022 potuit
1032 1929 1113 2022 quin
1131 1930 1166 1996 in
1176 1927 1280 2021 ipsius

153 2039 285 2110 dioecesi
310 2041 376 2110 vim
392 2039 476 2136 legis
498 2041 657 2112 habuerit
678 2043 782 2112 Piana
803 2043 1015 2130 constitutio,
1038 2058 1078 2112 ut
1096 2067 1172 2112 cum
1193 2045 1280 2112 Sua·

152 2157 243 2224 rezio
256 2157 482 2226 communiter
500 2170 619 2226 tenent
636 2155 800 2226 doctores.

200 2272 392 2367 Propositio
421 2275 466 2358 [Γ.
492 2270 549 2342 Ab
565 2267 778 2372 obligatione
799 2269 994 2367 recqriendi
1015 2269 1224 2342 breviarium
1244 2287 1280 2341 et

152 2385 297 2458 missale
323 2390 359 2456 S.
395 2389 455 2456 Pii
481 2391 515 2456 V
533 2403 707 2483 acempta³
734 2401 818 2456 sunt
839 2384 997 2456 ecelesiae
1023 2409 1173 2482 quarum
1200 2383 1280 2455 dre·

153 2504 258 2574 υἰανὶἰ
286 2518 321 2572 et
356 2502 513 2574 nrrssalis
528 2502 700 2599 sarmuloe
731 2500 894 2574 ducentis
920 2504 1027 2574 annis
1060 2502 1282 2598 antiquiores

87 2672 91 2682 .
152 2636 266 2690 erant.
278 2624 415 2690 -Haec
433 2618 529 2690 valde
555 2617 760 2688 attendenda
790 2618 966 2713 dispositio
986 2617 1075 2688 clare
1090 2631 1223 2686 constat
1238 2642 1279 2688 ex

152 2736 234 2830 ipsis
248 2735 374 2804 decreti
396 2737 448 2806 Pii
461 2739 493 2806 V
508 2735 620 2804 ¹verbis
640 2760 649 2803 ε
665 2733 857 2806 Abalemns
869 2757 1100 2832 quecumque
1120 2731 1195 2802 alia
1209 2731 1283 2803 bre·

154 2851 266 2920 viaria
282 2849 347 2920 vel
356 2851 573 2946 antiquiora,
588 2849 651 2921 vel
660 2853 782 2946 quovis
789 2848 972 2948 privilegio
990 2855 1138 2933 mnnita,
1158 2848 1221 2918 vel
1235 2848 1283 2918 ab

152 2970 245 3064 ipsis
263 2971 451 3066 Episcopis
474 2969 512 3037 in
525 2969 600 3040 suis
616 2966 825 3038 rancoribus
838 2966 1060 3064 pervulgata,
1075 2991 1286 3062 omnemque

153 3083 297 3156 illorum
326 3107 440 3172 usum,
461 3081 507 3151 de
533 3081 696 3152 amnibus
725 3081 819 3152 ordis
839 3080 1008 3166 ecclesias,
1045 3083 1284 3166 monasterus,

154 3196 444 3282 conventibus...,·
464 3196 538 3268 illis
563 3213 683 3267 tanwn
705 3197 962 3293 exceptisque
988 3193 1037 3264 'ab
1058 3197 1141 3291 ipsa
1158 3197 1282 3292 prima

154 3315 373 3384 institutione
398 3337 422 3382 a
443 3312 529 3384 secla
549 3311 756 3409 Apostolico
781 3309 989 3408 approbata,
1010 3310 1074 3380 uel
1097 3325 1283 3380 consuetu·

154 3426 250 3519 dine,
270 3453 349 3524 quae
367 3426 446 3522 (uel
467 3429 546 3524 ipsa
566 3425 754 3522 r’rrstitutia)
771 3423 940 3496 ducentas
968 3449 1083 3496 annos
1101 3422 1285 3496 antecede·

155 3543 229 3628 dat,
252 3541 336 3614 aliis·
353 3545 460 3614 certis
483 3541 665 3614 breviariis
683 3567 750 3639 usa
759 3539 882 3637 scrisse
897 3541 1092 3611 constiterit
1108 3566 1119 3608 :
1137 3537 1280 3636 quidus,

155 3675 195 3730 ut
209 3661 437 3730 rimetenutum
448 3656 538 3728 illud
542 3657 610 3754 jus
619 3655 759 3728 dicendi
771 3673 805 3728 et
809 3655 995 3753 psallendi
1005 3680 1107 3726 strum
1123 3653 1283 3750 osficr'unr

155 3800 230 3846 non
251 3772 457 3859 adinn'rnus,
487 3777 540 3844 sie
566 3773 700 3844 eisdem.
717 3776 752 3844 si
767 3772 869 3869 sorte
895 3771 963 3843 lroc
987 3786 1169 3853 nostrum,
1190 3768 1288 3868 qnod

155 3887 259 3960 mado
271 3888 526 3988 pervulga-turn
549 3907 614 3978 est,
632 3891 749 3988 magis
758 3889 909 3986 placeat
921 3884 1120 3978 (dummodo
1142 3889 1286 3983 Episco-

150 4028 224 4100 pus
242 4020 277 4076 et
297 4005 497 4076 uniuersum
524 4002 718 4101 eapr'tnlum
738 4007 775 4074 in
794 4029 835 4074 ea
851 4003 1102 4098 consentiant),
1128 4017 1167 4072 ut
1184 4000 1226 4071 id
1247 4003 1286 4071 in

155 4119 264 4189 choto
280 4116 396 4188 dicere
409 4117 603 4215 etpsallere
610 4119 763 4215 possint,
771 4119 1027 4214 permittimus.
1035 4115 1133 4188 'Idem
1146 4117 1287 4187 omniuo

156 4233 193 4302 iu
218 4232 311 4303 bulla
335 4237 412 4326 Qua
428 4235 589 4330 primum
611 4233 882 4328 tempore'eirca
907 4233 1042 4304 missale
1065 4248 1202 4302 cautum
1222 4245 1285 4302 est.

156 4348 257 4418 Unde
274 4347 416 4420 dubium
434 4363 571 4419 nonest
587 4345 835 4444 ecclesiasque
853 4347 989 4444 liturgia
1014 4347 1167 4418 ducentis
1185 4346 1285 4416 annis

157 4464 350 4558 antiquiore
365 4466 562 4555 utebantur,
577 4489 651 4536 carn
670 4463 821 4561 legitime
831 4464 980 4560 potuisse
994 4464 1161 4534 retinere:
