2982 5072
491 361 538 406 ue
564 361 651 408 suns
678 359 886 409 urrusorco.
1178 338 1250 437 ‘¹59

122 477 499 588 atque'cucbaristiotm
514 489 681 584 {subudum
699 490 856 561 fidelibus
868 491 1155 582 distribuendum,
1172 495 1249 588 quis

122 611 289 680 existimet
302 632 372 676 non
391 606 655 676 doterminatum
666 607 708 675 ab
722 606 891 702 Apostolis
908 608 1010 678 fuisse
1022 609 1115 704 qtiod
1125 610 1250 707 cuique

121 727 154 796 in
170 751 206 794 re
226 725 341 793 divina
361 721 566 817 explendum
593 722 744 791 officium
765 725 1000 794 incumberet?
1018 731 1097 797 Non
1116 751 1198 821 ergo
1214 726 1250 795 in

122 843 252 912 incerto
269 840 461 908 fluitantem
476 863 548 908 rent
564 836 758 934 liturgicam
780 839 991 934 reliquerunt
1010 841 1175 937 Apostoli,
1188 842 1252 912 sed

121 955 278 1027 eeclesias
299 955 346 1024 ab
367 953 449 1050 ipsis
469 953 638 1040 medelas,
663 954 762 1023 certis
782 953 971 1024 formarum
994 971 1029 1026 et
1055 958 1183 1026 rituum
1202 957 1250 1027 le·

121 1072 220 1167 gibus
239 1070 429 1140 donarunt.
449 1067 585 1158 Quibus
598 1067 680 1138 ,alias
698 1069 816 1164 postca
840 1071 943 1164 atque
961 1065 1034 1139 aliie
1046 1089 1252 1168 esurgentes

122 1187 271 1258 ecclesiae
290 1187 338 1254 ab
355 1183 600 1280 Apostolorum
629 1183 803 1281 discipulis
821 1200 925 1280 atque
941 1185 1062 1255 horum
1083 1211 1252 1258 successo·

122 1302 216 1372 ribus
229 1302 509 1370 instructionum.

168 1417 465 1487 Idcmmstcmsx.
477 1417 720 1504 monumentis,
747 1415 826 1485 licet
846 1431 918 1485 tam
931 1438 1044 1511 *pauca
1066 1437 1108 1488 ex
1125 1419 1252 1514 priori·

123 1531 341 1603 bussaeoulis
352 1532 675 1626 mpersist,·directe
690 1531 831 1627 probari
847 1547 971 1625 potest.

164 1649 227 1719 stc
245 1645 482 1717 Tertullianus.
495 1673 503 1715 :
518 1675 537 1712 a
557 1651 654 1717 Hanc
678 1645 772 1742 (r)si
794 1645 888 1716 nulla
902 1648 1073 1741 scriptura
1095 1649 1251 1719 determi-

123 1763 263 1853 navit,
284 1777 374 1857 certe
389 1762 601 1833 consuetudo
619 1763 810 1853 roboravit3
827 1761 904 1858 qu'ae
923 1765 995 1832 sine
1007 1764 1114 1834 dubio
1128 1765 1170 1836 de
1183 1779 1251 1836 tra·

123 1877 280 1948 aditione
293 1877 347 1974 (a)
360 1879 522 1949 manarit.
542 1878 727 1968 Quomodo
743 1879 1016 1975 enimusnrpari
1035 1880 1117 1974 quid
1141 1893 1252 1976 potest

124 1997 182 2064 «si
201 1992 369 2062 traditum
392 1993 487 2088 prius
507 2019 576 2062 non
593 1993 666 2064 est?
695 1995 807 2064 Etiam
830 1997 866 2062 in
891 1995 1082 2064 traditionis
1109 1997 1253 2066 obtentu

123 2109 319 2203 etexigeuda
344 2123 406 2198 est,
428 2109 553 2203 inquis,
574 2110 760 2178 auctoritas
785 2109 922 2203 scripta.
947 2113 1038 2204 Ergo
1064 2131 1253 2203 queramus

123 2249 203 2295 «an
216 2239 250 2293 ct
266 2225 412 2294 traditio
429 2225 496 2294 nisi
517 2225 643 2320 scripta
659 2251 729 2294 non
752 2225 872 2294 debeat
892 2225 1010 2320 recipi.
1030 2224 1133 2295 Plarm
1150 2247 1253 2323 nega·

124 2372 140 2408 a
154 2343 267 2410 bimus
284 2342 515 2438 recipiendam
534 2345 564 2412 si
586 2342 682 2414 nulla
694 2341 846 2437 exempla
870 2341 1089 2436 praejudicent
1111 2341 1254 2412 aliarum

124 2459 445 2547 «observationum,
468 2482 551 2554 quas
580 2462 653 2530 sino
682 2461 783 2532 ullius
808 2463 982 2556 scripturas
1010 2462 1252 2548 instrumento,

125 2574 261 2645 «solius
281 2575 474 2646 traditionis
497 2575 611 2664 titulo,
630 2592 664 2645 et
687 2576 808 2646 exinde
832 2577 1087 2648 consuetudinis
1107 2579 1255 2672 patroci-

124 2691 212 2758 onio
228 2689 451 2762 vindicamus.
471 2692 628 2785 Denique
641 2707 710 2762 uta
725 2693 926 2786 baptismate
939 2692 1121 2789 ingrediar,
1133 2719 1254 2788 aquarn

124 2833 142 2870 a
154 2805 293 2894 adituri,
313 2805 453 2896 ibidem,
472 2806 532 2876 sed
547 2821 583 2876 et
596 2806 777 2902 'aliquanto
791 2810 887 2902 prius
899 2809 934 2877 in
951 2809 1100 2880 Ecclesia
1114 2811 1176 2879 sub
1195 2833 1256 2880 an·

125 2920 272 2989 «tistitis
306 2943 413 2989 manu
451 2935 684 3004 contestamur
717 2947 779 2991 nos
818 2925 1013 2992 renuntiare
1043 2921 1179 2991 diabolo
1222 2937 1257 2990 et

124 3057 291 3129 «pompae
315 3049 349 3104 et
365 3034 493 3130 angelis
516 3037 601 3130 ejus.
628 3036 763 3105 Dehinc
780 3050 832 3104 ter
852 3035 1086 3130 mergitamur,
1110 3033 1256 3129 amplius
1288 3023 1290 3027 ’

124 3149 289 3244 «aliquid
307 3151 555 3245 impendentes
580 3173 682 3245 quum
708 3151 875 3220 Dominus
900 3150 935 3218 in
956 3148 1132 3246 evangelio
1151 3151 1257 3222 deter-

126 3264 318 3341 omittttsit:
330 3271 416 3340 Inde
428 3271 585 3366 suscepti,
605 3261 701 3341 bulis
722 3287 754 3340 et
768 3269 877 3342 mellis
894 3270 1109 3340 concordiam
1124 3293 1259 3366 praegu-

125 3399 306 3476 ostamus3
330 3411 436 3480 enque
451 3377 568 3456 sa'die
590 3385 723 3456 lavacro
742 3385 943 3480 quotidiano
963 3409 1024 3480 per
1040 3400 1148 3454 totam
1174 3386 1257 3455 heb·

126 3501 340 3571 «donandam
369 3501 592 3571 abstinemus.
623 3489 844 3570 Eucharistiae
869 3514 1134 3589 sacramentnm,
1161 3515 1195 3570 et
1221 3501 1257 3570 in

125 3647 143 3684 o
158 3635 312 3712 tempore
333 3619 443 3688 victus
461 3631 494 3686 ct
516 3617 674 3686 omnibus
695 3617 895 3687 mandatum
922 3641 941 3685 a
967 3617 1129 3706 Domino,
1155 3619 1257 3688 etiam

126 3733 370 3804 «antelucanis
393 3734 548 3824 coetibus,
574 3756 639 3803 nec
663 3733 705 3803 de
726 3732 871 3804 aliorum
896 3757 1000 3802 manu
1019 3757 1120 3828 quam
1144 3734 1258 3828 praesi-

128 3851 512 3920 «damian-sominae..
533 3849 732 3920 Oblationes
755 3872 820 3944 pro
846 3849 1027 3940 defunctis,
1052 3874 1115 3944 pro
1141 3847 1260 3918 natali·

129 3966 217 4034 «tiis
234 3965 420 4033 annnsd're
441 3964 594 4034 facimus.
621 3967 686 4035 Die
703 3965 876 4036 dominico
896 3965 1175 4071 jejurrium·nelas
1196 3965 1259 4036 du·

163 4265 201 4339 (l)
217 4264 315 4338 Nempe
328 4264 532 4320 observationem
541 4265 573 4320 de
587 4283 642 4340 qus
652 4265 688 4322 ibi
700 4235 802 4322 disserit
814 4264 995 4323 Tertullianus.

163 4339 202 4428 (bl
222 4353 262 4410 De
273 4347 411 4433 'traditione
428 4355 460 4410 ab
474 4355 604 4430 Apostolis
618 4355 729 4431 prolecta
744 4353 780 4410 ibi
795 4352 867 4428 loqiri
880 4351 1069 4410 Tertullianum
1086 4351 1192 4409 dubium
1209 4372 1262 4410 uon

126 4449 176 4498 cst.
579 4451 583 4460 '
1249 4444 1253 4455 '
