2982 5072
495 367 542 414 ne
565 365 655 422 anan
679 367 887 415 arranerco.
1183 343 1252 418 123

118 495 306 590 sponsione
321 493 462 564 manime
479 509 623 588 possunt
639 509 866 589 protestantes
876 517 916 562 ex
930 495 981 563 sni
996 497 1182 589 systematis
1193 497 1253 565 ab·

119 595 289 680 surditate
302 634 377 680 sese
396 610 575 681 extricare.
596 610 663 682 Sed
681 611 821 705 insuper
834 611 936 680 sacris
958 610 1091 705 paginis
1109 615 1252 686 omnino

117 725 375 814 contradicant,
396 725 477 794 dum
492 740 646 794 asserunt
656 724 786 794 nullum
805 725 839 794 in
857 725 1004 795 Ecclesia
1018 743 1138 821 prater
1151 723 1260 797 chri:

118 823 211 920 stum
226 841 450 910 constitutum
474 839 578 910 fnisse
595 854 783 936 pastorem.
800 839 894 908 Licet
902 839 993 909 enim
1007 841 1163 910 Christus
1179 843 1252 936 pri·

118 957 249 1026 marius
264 969 383 1050 pastor
401 956 445 1024 sit
463 969 498 1026 et
519 979 693 1026 renranere
710 956 743 1022 in
763 969 926 1024 aeternnm
942 954 1098 1044 volucrit,
1116 972 1250 1027 constat
1322 961 1324 963 ’

117 1073 160 1142 ab
181 1073 259 1166 ipso
272 1071 496 1142 constitutum
521 1073 555 1138 in
572 1071 670 1140 terris
685 1071 787 1140 finisse
809 1085 978 1166 pastorem
1000 1071 1248 1144 securulurt'um

117 1189 171 1258 cni
189 1187 374 1284 regendam
393 1186 576 1258 Ecclesiam
596 1211 689 1256 suam
699 1187 867 1256 commisit
887 1203 989 1256 :nota
1004 1187 1130 1257 scilicet
1146 1191 1247 1259 rerba

116 1304 160 1372 ad
174 1309 314 1374 Petrum
335 1302 460 1373 directa
474 1329 482 1372 :
496 1285 608 1398 pesce
623 1328 847 1373 oresmeus...
856 1328 1090 1401 yrcrsceugnos
1108 1328 1245 1374 ruens...

116 1420 290 1510 confirma
300 1417 446 1514 fratres
468 1433 582 1488 tuos...
611 1414 779 1488 tibt'dnbo
801 1415 915 1486 claues
937 1419 1038 1514 regni
1056 1417 1249 1487 caelorum:

108 1533 364 1630 ,quodcumque
373 1533 538 1631 ligaveris
551 1547 796 1628 superterram
804 1535 870 1600 erit
880 1530 1033 1630 ligatum
1044 1547 1080 1600 et
1089 1535 1126 1602 in
1138 1533 1247 1617 coelis,

116 1665 152 1720 et
160 1648 408 1748 quodcumque
422 1647 567 1718 solveris
580 1671 687 1744 srtyrer
698 1649 906 1718 terrentem
917 1645 1070 1716 solutum
1083 1662 1118 1716 et
1132 1649 1169 1716 in
1182 1671 1249 1717 ete·

116 1765 167 1836 lis.
184 1769 263 1834 Hoc
280 1765 527 1858 apertissimum
541 1763 669 1832 factum
687 1762 862 1834 constituti
873 1786 893 1832 a
906 1762 1044 1832 Christo
1057 1776 1090 1830 et
1104 1761 1249 1857 delegati

115 1881 263 1976 pastoris
282 1879 485 1967 secundarii,
500 1877 631 1948 deleant
641 1879 669 1948 si
683 1879 812 1974 possint
835 1878 970 1946 esaeris
983 1878 1116 1973 paginis
1131 1893 1248 1972 prote·

115 2010 243 2066 stantes
264 2019 274 2064 τ
294 1996 322 2063 si
332 2018 412 2064 vero
428 2019 497 2064 non
518 2010 674 2089 possunt,
695 2008 883 2088 agnoscant
900 1993 947 2062 ibi
960 2008 1076 2088 aperte
1090 1993 1248 2090 pronun·

116 2111 193 2182 tiari
211 2112 401 2206 systematis
411 2111 462 2180 sui
475 2109 805 2180 condemnationem.
821 2107 1003 2198 Quomodo
1021 2109 1160 2203 insuper
1176 2133 1247 2178 non

115 2226 234 2295 vident
266 2243 351 2319 quot
379 2225 534 2294 oriantur
558 2223 706 2294 absurda
736 2249 777 2292 ex
801 2223 862 2292 ista
893 2222 1086 2318 hypothesi,
1107 2226 1248 2294 unicum

118 2365 241 2436 nempe
254 2365 327 2408 esse
345 2355 512 2434 pastorem
527 2339 713 2426 Christum,
730 2353 763 2408 st
780 2336 961 2408 Ecclesiam
985 2363 1026 2407 ex
1048 2337 1249 2408 collectione

117 2455 379 2550 inspirationum
399 2456 612 2524 internarum
628 2452 768 2550 singulis
782 2453 938 2524 fidelibus
948 2452 1142 2522 immediate
1159 2453 1250 2524 infu-

117 2595 244 2659 sarum,
264 2595 335 2640 esse
352 2569 607 2666 gubernandam
630 2571 645 2640 Ρ
662 2574 751 2643 Nam
766 2585 896 2640 certum
914 2585 964 2642 est
980 2595 1000 2640 a
1014 2569 1149 2640 Christo
1165 2571 1249 2642 sub·

117 2687 223 2758 latam
240 2711 308 2756 non
330 2684 433 2755 fuisse
459 2684 648 2756 libertatem
673 2685 882 2776 ntentieodi3
908 2711 948 2756 ee
975 2685 1120 2781 proinde
1148 2701 1248 2781 pote·

117 2819 201 2874 rnnt
215 2801 391 2874 matus
405 2803 469 2872 viri
489 2802 621 2898 fingere
641 2817 676 2872 et
692 2803 843 2873 attestari
854 2802 920 2872 sibi
939 2799 1040 2872 talem
1060 2817 1095 2871 et
1112 2801 1247 2872 taleme

115 2920 248 3015 Spiritu
277 2935 393 2990 sancto
419 2919 562 2989 infusam
588 2918 873 3014 inspirationem:
895 2918 976 2986 item
1002 2929 1132 2986 certum
1157 2930 1208 2984 est
1226 2941 1248 2986 a

117 3035 255 3108 Christo
273 3033 425 3106 sublatos
444 3059 513 3104 non
529 3034 633 3105 fuisse
653 3031 829 3102 delirantis
841 3030 1091 3126 imaginationis
1107 3044 1143 3099 et
1165 3028 1248 3100 alie·

117 3149 433 3222 nationismentalis
447 3150 605 3236 morbos;
626 3147 717 3218 unde
729 3161 892 3243 potarum
907 3144 1007 3216 multi
1029 3145 1247 3241 imaginatio·

117 3269 170 3338 nis
186 3282 221 3338 ct
242 3267 388 3336 morbidi
407 3266 535 3337 cerebri
550 3264 768 3334 deliramenta
789 3289 853 3361 pro
881 3264 969 3332 veris
984 3261 1248 3334 revelationibus
1320 3359 1321 3362 Ἴ

118 3399 152 3454 et
178 3381 460 3479 inspirationibus
492 3381 627 3452 habere.
647 3383 693 3450 Et
713 3393 804 3450 certe
831 3379 858 3448 si
886 3377 992 3448 velint
1021 3391 1246 3470 protestantes

117 3497 211 3566 adire
221 3496 342 3576 domos
355 3497 391 3565 in
406 3496 531 3590 quibos
541 3492 788 3564 custodiuntur
805 3504 920 3560 mente
938 3491 1041 3583 eapti,
1057 3483 1247 3562 multosre-

118 3613 265 3706 perient‚
277 3612 378 3706 quise
387 3609 580 3682 existiment
590 3607 757 3678 ditissima
769 3604 1011 3676 revelationum
1027 3619 1063 3674 et
1076 3604 1247 3676 visionum

118 3724 290 3823 farragine
307 3727 476 3822 aspicito
493 3741 613 3796 saneto
636 3724 774 3794 ditatos.
798 3725 869 3796 Nec
891 3720 987 3792 ullibi
1002 3721 1036 3791 in
1061 3721 1159 3792 terris
1183 3745 1248 3814 pro

118 3843 282 3916 tribunali
311 3843 405 3916 sedet
428 3845 585 3916 Christus
606 3857 644 3913 nt
666 3843 756 3912 inter
772 3867 867 3912 veras
885 3840 1125 3935 inspirationes
1138 3854 1173 3910 et
1188 3839 1247 3910 de·

117 3961 296 4034 liramenta
324 3961 543 4032 mendaciare
572 3961 784 4054 pronuntiet
810 3962 901 4054 Ergo
929 3958 993 4028 nisi
1026 3957 1183 4028 Christus
1210 3957 1246 4027 in

117 4077 266 4148 Ecclesia
278 4079 448 4148 statuisset
462 4074 752 4147 anctoritatemad
765 4074 878 4145 fideles
892 4073 1004 4143 infide
1017 4087 1052 4142 et
1070 4071 1248 4166 disciplina

117 4191 298 4289 regendos,
324 4215 402 4262 cnm
430 4190 570 4262 aliunde
597 4192 668 4286 ipse
698 4189 733 4258 id
757 4213 829 4260 non
847 4204 984 4288 prestet
1001 4187 1245 4283 perseipsum,

117 4305 390 4378 concludendam
409 4323 508 4394 esset,
533 4307 619 4378 nihil
643 4331 794 4402 unquam
809 4305 844 4376 in
868 4304 999 4378 mundo
1016 4301 1245 4397 insipientius,

117 4437 153 4494 et
173 4423 218 4495 ad
235 4423 445 4520 generandae
464 4424 551 4512 lites,
566 4423 756 4513 scissiones,
773 4420 1062 4518 perturbationes,
1080 4415 1247 4488 confusio·
