2982 5072
209 355 289 428 118·
669 377 878 426 autmarus

202 509 427 596 transmittit,
430 510 722 606 praesumpserim
734 504 906 578 obviare?
916 503 1080 576 Praeclara
1090 506 1221 600 utique,
1231 520 1337 602 atque

199 623 327 694 invicta
353 625 603 695 ratiocinatio:
622 625 650 693 si
676 625 767 692 enim
785 622 899 692 omuia
927 621 962 690 in
983 621 1134 692 Ecclesia
1151 621 1333 692 universali

138 761 141 766 ·
200 740 316 834 juraa
335 739 413 809 scde
434 740 628 835 Apostolica
644 741 772 824 fluunt,
788 761 870 834 ergo
883 753 918 808 et
928 738 986 831 jus
999 736 1209 834 liturgicum.

250 853 343 924 Idem
362 855 550 952 Gregorius
570 859 719 952 Magnus
737 856 773 926 iu
799 854 948 950 quadam
966 854 1010 923 ad
1024 855 1223 924 Ianuarium
1236 853 1335 926 Cala·

207 970 403 1066 guritanum
435 972 641 1066 Episcopum
675 969 818 1065 epistola
846 971 896 1039 sic
926 969 1078 1039 deceruit
1101 995 1111 1038 t
1138 997 1158 1034 ι
1175 971 1334 1066 Episcopi

204 1087 423 1180 «baptizatos
445 1086 592 1154 infames
605 1086 740 1180 signare
758 1085 811 1154 bis
823 1085 859 1152 in
875 1084 1050 1154 frontibus
1063 1084 1244 1154 chrismate
1264 1109 1334 1154 uon

207 1232 224 1266 u
237 1216 462 1296 praesumant3
479 1201 537 1270 sed
555 1201 745 1297 presbyteri
759 1199 982 1295 baptizandos
992 1215 1123 1295 ungant
1134 1201 1171 1269 in
1184 1215 1336 1296 pectore,

206 1346 224 1380 a
238 1331 276 1387 ut
288 1317 449 1412 Episcopi
468 1316 685 1411 postmodum
705 1339 835 1411 angere
854 1315 1000 1384 debeant
1021 1316 1058 1384 in
1075 1314 1187 1386 fronte
1202 1343 1219 1378 s
1233 1313 1339 1410 (loco

206 1455 310 1527 supra
329 1433 448 1519 citato,
466 1455 501 1525 p.
515 1431 616 1529 677).
646 1434 689 1500 Et
707 1431 743 1499 in
762 1431 917 1524 sequenti
934 1430 979 1499 ad
995 1429 1151 1499 eamdem
1167 1429 1335 1525 epistola:

207 1578 225 1613 a
240 1551 398 1619 Pervenit
408 1573 546 1644 quoque
557 1548 600 1618 ad
614 1573 678 1618 nos
691 1547 858 1642 quosdam
868 1545 1110 1616 scandalizstos
1129 1547 1335 1640 lrrissequod

207 1694 225 1728 a
241 1665 456 1760 presbyteros
467 1664 805 1758 chrismatetangere
817 1687 876 1732 cos
887 1664 949 1758 qui
961 1661 1155 1757 baptizandi
1168 1676 1337 1758 suntpro-

206 1808 224 1844 a
240 1779 425 1848 hibnimus.
450 1783 493 1848 Et
514 1803 578 1847 nos
595 1778 732 1873 quidem
749 1778 936 1847 secuudum
948 1801 1047 1846 usum
1064 1791 1213 1846 retem
1227 1775 1336 1847 eccle·

210 1926 227 1960 u
246 1895 302 1964 siae
315 1908 439 1966 nostrae
454 1894 612 1983 fecimus3
625 1894 685 1964 sed
706 1895 734 1963 si
748 1894 890 1962 omnino
905 1893 1018 1962 bacin
1037 1916 1075 1960 ne
1086 1890 1192 1986 aliqui
1206 1895 1336 1963 contri·

210 2040 228 2075 u
246 2024 392 2098 stantur,
406 2010 465 2078 ubi
477 2009 636 2104 Episcopi
654 2008 797 2096 desunt,
811 2007 1046 2103 etpresbyteri
1063 2008 1165 2076 etiam
1183 2008 1219 2076 in
1239 2008 1336 2076 fron·

208 2159 226 2192 a
244 2128 336 2196 tibus
350 2125 573 2220 baptizandos
586 2125 768 2195 chrismate
781 2139 921 2220 tangere
934 2123 1080 2192 debeam
1097 2123 1339 2194 concedimus»

208 2239 302 2336 (loeo
320 2241 550 2336 supracitato,
562 2265 598 2335 p.
620 2239 722 2335 696).
739 2243 787 2308 Ex
804 2263 874 2333 quo
885 2253 979 2308 textu
993 2238 1187 2308 effumavit
1201 2240 1343 2310 Gratia-

210 2379 275 2424 uus
292 2381 457 2425 cononem
482 2380 513 2442 ι,
531 2355 757 2424 distinctionis
774 2352 834 2450 95.

259 2474 311 2540 Ex
341 2467 481 2564 epistola
513 2469 655 2537 loannis
685 2466 888 2562 Syracusani
910 2467 1071 2564 Episcopi
1088 2467 1148 2562 (S.
1176 2469 1338 2563 Gregorii

211 2583 333 2679 Magni
345 2582 560 2678 Opera,edit.
573 2584 706 2676 Migne,
721 2597 748 2653 t.
765 2587 828 2673 lll,
845 2607 882 2678 p.
893 2580 982 2680 955)
998 2584 1171 2674 discimus,
1183 2607 1205 2654 a
1219 2599 1342 2654 saneto

213 2699 383 2794 Gregorio
402 2700 527 2793 Magno
541 2698 742 2792 dispositum
761 2697 864 2768 titiam
881 2697 1110 2770 Ordinuraitm
1134 2701 1265 2770 missas.
1286 2702 1343 2770 De

213 2837 284 2907 quo
302 2835 461 2882 murmur
472 2813 508 2882 in
530 2812 644 2882 Sicilia
662 2828 796 2900 ortum3
823 2839 892 2882 non
915 2813 1052 2908 quimm
1065 2839 1109 2884 eo
1134 2815 1227 2910 quod
1240 2829 1344 2910 puta-

216 2942 314 2998 retur
336 2943 490 2998 sanetum
517 2927 717 2998 Pontificem
735 2943 830 2998 extra
849 2931 1026 3024 potestatis
1043 2955 1111 3000 suae
1132 2930 1218 3000 fines
1236 2930 1343 3002 fluisse

215 3067 452 3138 progressum,
467 3041 527 3113 sed
546 3042 640 3139 quod
660 3043 814 3112 dolerent
835 3046 946 3140 ipsum
964 3045 1063 3115 nimis
1075 3043 1201 3134 multa,
1217 3063 1258 3116 ut
1270 3046 1345 3116 exi·

215 3155 444 3245 stimabant,e
458 3155 845 3251 Constantinopolitano
870 3156 1017 3228 eeclesia
1038 3159 1343 3232 mometudinibus

216 3270 253 3338 in
270 3293 366 3340 suam
395 3270 613 3340 reformatam
644 3269 818 3365 liturgiam
844 3269 1009 3342 intulisse.
1036 3276 1151 3364 Quam
1168 3274 1344 3369 querelam

215 3383 317 3456 diluit
342 3402 480 3456 sanetus
499 3386 656 3458 Pontifex
684 3387 738 3456 his
759 3387 896 3456 verbis:
917 3415 936 3452 ι
949 3389 1102 3458 Veniens
1129 3387 1268 3482 quidam
1297 3389 1344 3458 de

216 3531 234 3566 α
251 3501 366 3572 Sicilia
380 3503 464 3572 mihi
482 3502 569 3572 dixit
584 3502 677 3598 quod
693 3502 797 3598 aliqui
811 3503 911 3574 arnici
931 3504 1024 3597 ejus,
1044 3503 1096 3575 rel
1112 3505 1209 3600 gratci
1225 3503 1278 3576 rel
1294 3503 1344 3574 la-

216 3643 233 3679 e
250 3617 335 3706 tini,
359 3619 486 3706 neseio,
505 3619 603 3712 quasi
630 3619 693 3686 sub
721 3615 795 3686 celo
812 3633 937 3690 sanctae
950 3623 1111 3690 llomanae
1127 3619 1284 3690 Ecclesiae
1299 3619 1344 3689 de

215 3759 232 3794 ι
248 3731 333 3800 meis
359 3729 635 3826 dispositionibus
654 3748 925 3824 murmurarent,
951 3733 1103 3805 dieentes
1126 3733 1347 3823 :Quomodo

216 3873 234 3910 α
249 3844 425 3915 eeclesiam
440 3844 857 3941 constantinopolitanam
870 3847 1019 3942 disponit
1030 3850 1264 3944 conprimere,
1282 3851 1346 3946 qui

214 3987 232 4026 u
248 3963 321 4056 ejus
329 3960 612 4032 consuetudinem
623 3985 688 4056 prr
697 3963 810 4033 omnia
820 3965 998 4059 sequitur?
1012 3967 1076 4036 Cui
1087 3991 1164 4035 cum
1173 3965 1344 4040 dicerem:

215 4104 232 4139 a
249 4076 346 4164 Quas
360 4076 624 4147 eonsuetudines
642 4078 717 4173 ejus
734 4079 933 4174 sequimur?
948 4080 1162 4178 Respondit:
1178 4083 1270 4173 Quia
1286 4083 1346 4154 al·

216 4189 358 4261 «ledeia
373 4191 440 4260 diei
461 4191 504 4260 ad
531 4193 647 4262 mium
678 4210 772 4265 extra
795 4199 1008 4267 Pentecostcs
1028 4211 1181 4293 tempora
1198 4198 1344 4289 loomim

216 4335 234 4372 α
250 4307 330 4403 quia
349 4307 575 4378 subdiaconos
602 4307 763 4406 spoliatos
778 4310 981 4406 pmcedcre3
995 4313 1079 4409 quia
1097 4311 1195 4407 lryn'e
1210 4311 1344 4384 eleis-ort

216 4451 234 4488 a
250 4423 334 4514 dici3
356 4427 434 4520 quia
452 4426 639 4496 orationem
666 4426 873 4498 dominicam
895 4451 975 4498 mox
992 4443 1069 4523 post
1090 4451 1259 4499 canonem
1275 4428 1344 4500 diei
1482 4425 1483 4441 ¹
