2964 5070
466 377 514 420 on
538 375 626 422 sone
651 376 863 424 mommo.
1151 358 1223 454 287

101 500 195 570 annm
223 501 379 570 discentis
396 501 574 596 antiquius
592 502 748 586 trahebat,
773 505 859 574 Pius
889 507 919 572 V
948 507 1116 600 permittit
1141 508 1221 578 dicti

100 615 201 684 officii
221 616 303 684 linio
320 615 469 692 eeclesia
484 619 611 712 proprii
626 641 736 689 usum.

145 729 186 799 3⁰
201 731 231 797 Ii
250 755 331 798 sero
348 733 407 824 qni
420 729 519 800 dietae
531 733 722 801 recitationi
735 731 1007 828 adstringuntur,
1021 750 1055 804 et
1068 737 1224 808 officium

99 850 136 915 Β.
162 845 316 938 Virginis
337 845 492 918 docentis
510 847 608 916 annis
623 848 795 940 antiquius
814 871 883 916 non
901 849 1038 938 habent,
1056 851 1223 943 jubentur

98 958 243 1028 formula
259 985 277 1027 a
293 963 328 1028 S.
345 962 405 1028 Pio
425 963 455 1030 V
471 960 644 1055 publicata
658 963 764 1046 uti‚et
779 962 859 1056 ipsis
875 963 987 1030 omnis
997 962 1063 1032 alia
1076 964 1222 1038 formido

99 1073 324 1144 interdicitur.

146 1193 183 1274 4'
204 1189 275 1277 Qui
290 1190 337 1258 sic
347 1189 389 1258 ad
404 1190 546 1260 Pianum
562 1193 602 1264 B.
619 1191 767 1284 Virginis
784 1189 933 1260 officinm
950 1191 1222 1288 adstringuntur,

99 1303 326 1396 prohibentur
343 1303 425 1372 huic
437 1303 595 1374 ‘formulae
612 1304 664 1373 vel
692 1304 871 1374 minimam
895 1326 1045 1398 unquam
1065 1307 1222 1376 introdu-

99 1442 173 1490 cere
194 1419 480 1488 immutationem.
714 1419 716 1428 ’

146 1530 263 1615 Unde,
277 1531 389 1622 quoad
399 1558 455 1602 eos
468 1533 526 1624 qui
534 1531 579 1602 ad
593 1532 825 1602 recitationem
836 1531 916 1602 dicti
930 1532 1033 1604 officii
1054 1548 1224 1624 tenentur,

99 1645 187 1716 idem
204 1645 356 1716 decernit
374 1647 453 1716 Pius
471 1649 503 1716 V
521 1647 656 1716 areima
670 1647 885 1718 breviarium.
904 1650 953 1716 Ac
973 1647 1115 1740 proinde
1135 1671 1225 1742 quae·

97 1762 226 1830 stiones
245 1759 287 1828 da
305 1775 470 1854 potestate
483 1762 744 1834 ordinariorum
768 1763 857 1857 cirfca
875 1762 1026 1834 officium
1048 1767 1088 1834 B.
1111 1765 1225 1859 Virgi-

98 1876 151 1942 nis
167 1875 287 1945 eodem
304 1875 405 1948 modo
425 1875 592 1946 solvende
608 1892 687 1948 sunt
701 1900 742 1946 ao
761 1875 849 1948 eirca
871 1877 1043 1948 breviaria.
1063 1877 1224 1951 Officium

99 1989 228 2061 seilicet
245 1993 282 2061 Β.
300 1991 451 2084 Virginis
467 1989 621 2063 ducentis
634 1991 731 2064 annis
748 1992 919 2084 antiquius
933 1993 1044 2086 potuit
1062 1993 1222 2082 retineri;

99 2119 131 2173 et
147 2106 183 2174 in
199 2129 241 2174 eo
259 2107 485 2179 correctiones
500 2122 535 2178 et
548 2107 808 2193 immutationes,
823 2105 913 2176 salva
927 2107 1129 2194 substantia,
1146 2131 1238 2200 pos·-.

98 2235 177 2288 sunt
187 2219 315 2312 absque
324 2221 524 2292 auctoritate
543 2219 738 2314 Apostoliea
757 2219 841 2291 fieri
860 2219 895 2290 Si
914 2231 1028 2290 antem
1047 2218 1148 2288 semel
1164 2219 1240 2294 de.

97 2333 255 2407 relictum
284 2359 345 2428 pro
365 2336 470 2434 Pione
494 2333 608 2417 fuant,
628 2359 695 2404 non
718 2347 830 2426 potest
850 2333 975 2405 iterum
997 2334 1137 2418 assum,
1165 2335 1224 2404 sed

94 2450 166 2542 jam
182 2450 229 2518 ibi
243 2449 384 2520 Pianum
398 2447 540 2543 obligat.
550 2451 678 2520 Coetera
692 2446 737 2518 de
748 2447 922 2520 breviariis
946 2447 1035 2518 dicte
1055 2447 1152 2518 facile
1175 2447 1226 2521 le·

98 2577 173 2632 otor
188 2561 384 2656 applicabit.
713 2545 722 2562 ’

149 2673 190 2746 5⁰
209 2677 330 2764 Quoad
350 2701 406 2747 eos
423 2676 482 2770 qui
504 2675 675 2748 recitando
693 2679 731 2744 B.
760 2677 912 2772 Virginis
929 2677 1045 2746 officio
1070 2703 1137 2746 non
1163 2677 1226 2746 ad·

93 2791 325 2883 stringuntur,
343 2815 412 2862 non
431 2789 632 2883 prohibetur
649 2789 721 2860 ulta
741 2791 935 2884 hujusmodi
948 2791 1051 2862 officii
1065 2789 1239 2878 formula„

65 2950 68 2958 ,
95 2905 203 2976 inodo
225 2905 330 2976 latina
352 2907 405 2974 sit.
435 2907 505 2977 Eos
533 2920 644 2974 tamen
676 2905 898 2976 vehementur
929 2905 1088 2978 hortatur
1114 2907 1237 2976 dietus·

96 3020 255 3088 Pontifex
274 3033 313 3088 ut
330 3018 399 3091 sola
411 3015 559 3090 formula
573 3044 597 3088 a
610 3043 645 3090 se
658 3033 809 3091 correcta
823 3034 977 3090 utantur.

614 3271 636 3360 ς
660 3271 707 3336 11.

401 3484 926 3560 tnlitngicunmednmmtogium.

146 3705 306 3774 Vidimus
327 3729 448 3798 supra,
473 3730 541 3775 non
565 3727 683 3781 omnes
709 3702 829 3774 latinas
860 3699 1016 3772 ecclesias
1035 3701 1077 3772 ad
1101 3705 1227 3780 Roma-

92 3845 182 3890 num
194 3833 384 3889 correctum
403 3817 613 3888 breviarium
628 3831 661 3886 et
675 3815 805 3886 missale
821 3815 996 3910 adstringi,
1014 3817 1160 3910 eoquod
1179 3819 1222 3889 ab

92 3963 136 4006 ea
159 3934 234 4028 lege
258 3947 419 4026 exernptae
437 3931 742 4018 foenerantem,
761 3955 835 4024 quae
859 3931 1013 4003 ducentis
1028 3933 1126 4002 annis
1142 3949 1226 4008 ente

91 4054 132 4120 S.
157 4049 256 4118 Pium
276 4050 305 4118 V
328 4047 465 4142 propria
480 4047 636 4115 breviarii
654 4061 688 4113 et
703 4044 845 4115 missalis
863 4044 1010 4117 formula
1026 4049 1222 4120 utebantur.

90 4170 140 4232 At
160 4187 233 4234 non
255 4161 344 4234 idem
366 4163 475 4234 currit
499 4162 555 4255 jus
581 4160 694 4254 quood
720 4159 1003 4256 Mertymiogium
1022 4166 1243 4240 Romanum„

93 4285 229 4348 Omnes
257 4279 345 4357 enim
376 4277 500 4370 absque
518 4278 722 4373 exceptione
751 4275 862 4349 latina
889 4276 1033 4350 ecclesie
1065 4279 1109 4349 ad
1138 4278 1224 4351 illud

92 4391 636 4488 usurpandumtenentur3quod
650 4379 1096 4487 nnneptobendemieoit.
1201 4473 1204 4479 Ι
1240 4463 1244 4472 .
