3018 5070
502 366 546 409 on
572 366 659 420 auae
685 368 886 428 utsunorco.
1209 348 1249 422 31

132 523 149 558 r
166 493 268 568 etiam
295 491 457 587 suffragia
478 494 709 567 continentur.
737 494 834 570 Tales
862 521 963 591 porro
989 511 1071 570 suot
1099 497 1255 594 liturgiae,

131 607 355 702 «dequibus
381 605 559 702 hucusque
589 608 769 682 diximus...
798 615 887 684 Sunt
909 613 1020 702 euim,
1055 639 1122 687 non
1154 616 1256 687 unius

129 723 380 818 «quantumvis
401 724 514 818 magni
536 723 686 798 doctoris
708 751 804 798 voces
821 743 856 799 et
872 728 986 815 verba,
1011 729 1071 799 sed
1097 730 1253 804 ecclesia.

127 863 251 928 rrum,
272 863 347 932 quae
368 863 445 908 cum
463 840 614 909 eruanimi
635 865 802 912 consensu
819 867 891 911 eam
917 868 1089 913 sacrorum
1111 846 1254 921 sormam

129 979 347 1050 «precesque
369 955 623 1049 probauerunt:
642 955 723 1050 legis
749 956 806 1030 illa
836 958 908 1031 uim
925 959 1093 1052 obtinent,
1116 987 1181 1055 qua
1212 963 1255 1058 (si

129 1101 145 1136 r
161 1095 272 1144 sacras
282 1071 431 1143 Litteras
444 1071 648 1166 excipimus)
659 1072 767 1166 major
790 1097 860 1144 ease
877 1072 970 1144 nulla
991 1090 1113 1168 potest.
1135 1079 1208 1148 Nec
1220 1078 1254 1150 id

130 1217 145 1254 u
162 1187 297 1258 noviter
311 1188 538 1282 excogitatum
551 1201 618 1276 est,
636 1213 713 1260 cum
727 1213 866 1282 precum
879 1186 1038 1260 Ecclesiae
1052 1191 1253 1265 testimoniis

130 1331 146 1366 rr
162 1301 375 1397 Augustinus
384 1301 578 1398 Pelagianos
589 1303 836 1391 confutaverit3
855 1319 893 1377 ut
907 1329 929 1376 a
941 1299 1165 1376 Coelestiuoet
1180 1304 1253 1377 aliis

127 1446 141 1480 r
159 1415 363 1488 factumest.
379 1421 431 1490 Itu
446 1417 611 1514 quidquid
629 1419 663 1486 iu
680 1419 799 1490 Jacobi
818 1445 926 1514 graeca
941 1418 1078 1514 liturgia
1097 1417 1252 1514 legimus,

129 1562 143 1596 a
161 1533 391 1609 testimonium
414 1535 519 1607 totius
539 1532 693 1608 Ecclesia
709 1534 1028 1630 hierosolymitanae,
1053 1549 1087 1606 et
1109 1533 1252 1610 aliarum

130 1674 235 1744 uquae
261 1650 378 1734 cadem
411 1649 608 1740 utebantur,
636 1651 722 1738 luit3
750 1651 842 1745 quod
872 1652 982 1745 majus
1012 1667 1060 1724 est
1090 1675 1194 1744 tynam
1226 1652 1254 1734 si

130 1795 145 1828 a
162 1763 306 1859 apostoli
320 1765 425 1858 ipsius
443 1789 528 1858 opus
548 1765 677 1856 fuisset,
693 1791 770 1839 cum
787 1767 823 1835 in
838 1791 968 1836 canone
987 1768 1253 1861 Scripturarum,

130 1909 145 1942 u
162 1881 319 1973 quamvis
333 1906 410 1954 enm
429 1896 602 1953 auctorem
615 1881 765 1971 haberet,
783 1897 919 1976 recepta
937 1907 1007 1954 non
1027 1884 1080 1953 sit.
1092 1881 1254 1954 Similiter

130 1997 198 2064 rin
223 1996 332 2067 Marci
356 2021 462 2091 graeca
486 2011 546 2068 aut
569 1997 765 2092 aegyptiaca,
791 1999 895 2068 totius
921 1997 1070 2072 ecclesiae
1100 1997 1252 2072 Alexam.

130 2109 268 2180 «drinae
300 2110 402 2182 fidem
435 2112 671 2207 agnoscimus:
700 2125 737 2181 ut
772 2113 806 2184 in
841 2113 985 2204 Syriacis
1017 2137 1187 2205 syrorum,
1217 2115 1251 2182 in

130 2253 145 2287 <t
163 2227 288 2298 Graecis
305 2250 489 2320 graecarum
505 2225 734 2300 ecclesiarum.
755 2223 868 2294 Velim
894 2225 979 2297 scire
1006 2251 1089 2296 uum
1107 2225 1254 2312 ecclesiae

129 2341 340 2412 «orientales
355 2367 473 2412 omnes
491 2358 583 2415 recte
605 2341 646 2412 de
664 2340 830 2412 Trinitate
848 2341 996 2412 sentiant
1014 2371 1022 2410 :
1037 2366 1114 2410 cum
1130 2341 1255 2436 ubique

128 2460 307 2546 «Patrem,
332 2455 455 2528 Filium
484 2471 518 2526 et
549 2458 717 2551 Spiritum
754 2472 935 2548 sanctum,
963 2470 1123 2552 tauquam
1152 2456 1254 2548 unius

129 2602 144 2636 «
161 2574 356 2644 substantie
371 2573 520 2644 invocari
538 2572 653 2660 vide0,
670 2572 754 2666 quin
774 2570 876 2645 fidem
893 2573 927 2644 in
950 2570 1094 2644 romilio
1111 2572 1252 2656 Nicaeno,

129 2685 343 2758 «stabilitam
371 2686 610 2781 profiteantur,
627 2686 783 2756 dubitare
815 2711 885 2755 non
918 2711 1067 2779 possum.
1090 2689 1141 2758 lta
1171 2713 1248 2759 cum

130 2831 145 2866 «
162 2803 309 2874 Mariam
324 2804 478 2873 Θεοτόκον
503 2801 655 2872 ridemus
678 2801 713 2871 iu
736 2800 893 2896 precibus
912 2798 1077 2896 liturgicis
1103 2816 1162 2870 aut
1178 2800 1253 2900 aliis

130 2916 337 3012 «appellari,
365 2918 489 2990 sciurus
519 2914 594 2988 illos
622 2915 680 3009 qui
702 2915 750 2984 ita
778 2913 967 3012 loquuntur
997 2941 1017 2986 a
1050 2917 1252 2988 Nestoriana

129 3062 144 3095 «
164 3033 283 3105 haeresi
306 3033 526 3107 abhorrere...
543 3036 584 3104 Iu
609 3029 674 3103 illis
696 3030 812 3126 igitur,
837 3055 907 3100 nou
931 3029 1081 3102 doctoris
1113 3027 1256 3128 alicujus

131 3178 145 3212 rr
165 3149 293 3238 eximii,
312 3173 381 3218 uon
398 3147 545 3237 concilii,
558 3147 616 3216 sed
632 3147 738 3216 totius
757 3143 913 3214 Ecclesiae
932 3170 994 3214 vox
1013 3145 1164 3237 auditur,
1177 3171 1255 3224 cum

130 3293 144 3328 r
163 3267 252 3336 inter
273 3290 308 3336 se
321 3265 555 3352 consentiunt3
574 3277 612 3336 ut
632 3286 712 3336 sane
728 3263 834 3334 mirus
852 3261 986 3334 illarum
1005 3263 1039 3332 in
1059 3261 1129 3332 istis
1145 3264 1254 3336 onmi-

130 3381 227 3450 abus
247 3380 300 3478 (r)
322 3405 505 3452 cousensus
524 3394 584 3452 est.
607 3407 625 3446 r

175 3499 255 3568 Non
269 3493 395 3568 aliaest
413 3495 578 3568 Bossuetii
598 3493 766 3582 doctriua,
787 3504 825 3560 ut
843 3490 921 3561 satis
944 3503 1109 3560 testantur
1122 3491 1192 3562 lraec
1209 3493 1255 3588 ip2

131 3615 197 3684 sius
215 3614 319 3684 verba
338 3637 346 3680 ι
366 3640 383 3678 r<
406 3616 451 3684 Le
476 3607 642 3706 principal
668 3609 874 3678 instrument
895 3605 936 3676 de
966 3604 997 3674 la
1023 3605 1184 3678 tradition
1214 3607 1255 3709 de

130 3759 145 3792 u
159 3713 296 3825 l’Eglise
310 3742 359 3800 est
372 3724 538 3798 renferrne
554 3725 636 3796 dans
651 3749 702 3794 ses
716 3723 856 3818 priores,
869 3737 903 3790 et
916 3721 980 3792 soit
996 3721 1099 3828 qu’on
1115 3723 1257 3817 regarrle

131 3871 145 3908 u
163 3843 300 3916 l’action
317 3843 403 3916 dela
424 3842 560 3938 liturgic
578 3856 611 3912 et
624 3839 655 3910 le
675 3839 837 3930 sacrifice,
857 3863 902 3908 ou
923 3838 1028 3934 qu'on
1049 3863 1179 3933 repasse
1198 3862 1258 3908 sur

130 3959 206 4034 «les
232 3962 393 4059 lrymnes,
418 3985 476 4035 sur
504 3957 551 4030 les
580 3955 757 4046 collectus,
787 3982 845 4028 sur
872 3953 919 4026 les
950 3950 1106 4044 secretos,
1127 3979 1185 4029 sur
1211 3954 1257 4052 les

166 4271 202 4348 (l)
220 4271 320 4346 Nempe
335 4271 395 4328 fidei
407 4271 543 4348 capitibus,
558 4287 667 4346 quorum
682 4263 899 4324 enumerationem
913 4259 1087 4336 auctorpaulo
1101 4267 1158 4316 ante
1174 4259 1257 4314 strata

132 4370 200 4417 verat
212 4361 254 4417 lrir
267 4361 350 4417 verbis
368 4367 424 4418 rttt
439 4368 528 4420 omnm
542 4365 645 4419 aaron
662 4363 724 4430 fider·
740 4360 828 4430 capitu
841 4359 925 4414 coorta
945 4357 1001 4410 iltis
1010 4353 1130 4424 mucius
1150 4353 1259 4406 breviter
1275 4392 1278 4398 .

133 4458 174 4512 teri
184 4459 322 4528 permitur
335 4457 509 4512 continentur.
