<?xml version="1.0" encoding="UTF-8"?>
<!DOCTYPE html PUBLIC "-//W3C//DTD XHTML 1.0 Transitional//EN"
    "http://www.w3.org/TR/xhtml1/DTD/xhtml1-transitional.dtd">
<html xmlns="http://www.w3.org/1999/xhtml" xml:lang="en" lang="en">
 <head>
  <title>
</title>
<meta http-equiv="Content-Type" content="text/html;charset=utf-8" />
  <meta name='ocr-system' content='tesseract 3.04.00' />
  <meta name='ocr-capabilities' content='ocr_page ocr_carea ocr_par ocr_line ocrx_word'/>
</head>
<body>
  <div class='ocr_page' id='page_1' title='image "./tractatusdejure00bouigoog_0176.png"; bbox 0 0 2982 5072; ppageno 0'>
   <div class='ocr_carea' id='block_1_1' title="bbox 508 367 1264 442">
    <p class='ocr_par' dir='ltr' id='par_1_1' title="bbox 508 367 1264 442">
     <span class='ocr_line' id='line_1_1' title="bbox 508 367 1264 442; baseline 0.017 -14"><span class='ocrx_word' id='word_1_1' title='bbox 508 383 554 428; x_wconf 85' lang='lat' dir='ltr'><strong>nn</strong></span> <span class='ocrx_word' id='word_1_2' title='bbox 579 382 666 432; x_wconf 82' lang='lat' dir='ltr'><strong>suun</strong></span> <span class='ocrx_word' id='word_1_3' title='bbox 691 383 902 434; x_wconf 81' lang='lat' dir='ltr'><strong>nmunmco.</strong></span> <span class='ocrx_word' id='word_1_4' title='bbox 1178 367 1264 442; x_wconf 65' lang='lat' dir='ltr'><strong>oss</strong></span> 
     </span>
    </p>
   </div>
   <div class='ocr_carea' id='block_1_2' title="bbox 119 505 1280 4638">
    <p class='ocr_par' dir='ltr' id='par_1_2' title="bbox 119 505 1280 4638">
     <span class='ocr_line' id='line_1_2' title="bbox 135 505 1267 604; baseline 0.011 -26"><span class='ocrx_word' id='word_1_5' title='bbox 135 507 335 578; x_wconf 72' lang='lat' dir='ltr'><strong>referuntur</strong></span> <span class='ocrx_word' id='word_1_6' title='bbox 347 529 367 576; x_wconf 88' lang='lat' dir='ltr'><strong>a</strong></span> <span class='ocrx_word' id='word_1_7' title='bbox 381 505 548 604; x_wconf 75' lang='lat' dir='ltr'>proximis</span> <span class='ocrx_word' id='word_1_8' title='bbox 559 507 661 578; x_wconf 86' lang='lat' dir='ltr'><strong>etiam</strong></span> <span class='ocrx_word' id='word_1_9' title='bbox 677 511 785 579; x_wconf 85' lang='lat' dir='ltr'><strong>sancti</strong></span> <span class='ocrx_word' id='word_1_10' title='bbox 799 511 891 581; x_wconf 90' lang='lat' dir='ltr'><strong>Petri</strong></span> <span class='ocrx_word' id='word_1_11' title='bbox 912 511 1162 584; x_wconf 83' lang='lat' dir='ltr'><strong>successoribus</strong></span> <span class='ocrx_word' id='word_1_12' title='bbox 1175 515 1267 590; x_wconf 81' lang='lat' dir='ltr'><strong>cirea</strong></span> 
     </span>
     <span class='ocr_line' id='line_1_3' title="bbox 136 622 1267 725; baseline 0.01 -31"><span class='ocrx_word' id='word_1_13' title='bbox 136 622 312 719; x_wconf 67' lang='lat' dir='ltr'><strong>iburginm</strong></span> <span class='ocrx_word' id='word_1_14' title='bbox 327 637 470 699; x_wconf 78' lang='lat' dir='ltr'><strong>statuta.</strong></span> <span class='ocrx_word' id='word_1_15' title='bbox 488 628 567 694; x_wconf 82' lang='lat' dir='ltr'><strong>Hoec</strong></span> <span class='ocrx_word' id='word_1_16' title='bbox 593 624 727 720; x_wconf 79' lang='lat' dir='ltr'><strong>aliaque</strong></span> <span class='ocrx_word' id='word_1_17' title='bbox 749 624 857 696; x_wconf 85' lang='lat' dir='ltr'><strong>multe</strong></span> <span class='ocrx_word' id='word_1_18' title='bbox 882 627 1040 725; x_wconf 84' lang='lat' dir='ltr'><strong>priorum</strong></span> <span class='ocrx_word' id='word_1_19' title='bbox 1065 630 1267 706; x_wconf 76' lang='lat' dir='ltr'><strong>saeculorum</strong></span> 
     </span>
     <span class='ocr_line' id='line_1_4' title="bbox 133 740 1266 845; baseline 0.009 -34"><span class='ocrx_word' id='word_1_20' title='bbox 133 754 359 812; x_wconf 86' lang='lat' dir='ltr'><strong>monumenta</strong></span> <span class='ocrx_word' id='word_1_21' title='bbox 380 741 439 834; x_wconf 90' lang='lat' dir='ltr'><strong>qui</strong></span> <span class='ocrx_word' id='word_1_22' title='bbox 461 740 687 836; x_wconf 87' lang='lat' dir='ltr'><strong>perpenderit,</strong></span> <span class='ocrx_word' id='word_1_23' title='bbox 701 741 800 814; x_wconf 82' lang='lat' dir='ltr'><strong>facile</strong></span> <span class='ocrx_word' id='word_1_24' title='bbox 820 746 1006 842; x_wconf 78' lang='lat' dir='ltr'>perspiciet</span> <span class='ocrx_word' id='word_1_25' title='bbox 1030 746 1205 845; x_wconf 82' lang='lat' dir='ltr'><strong>liturgiam</strong></span> <span class='ocrx_word' id='word_1_26' title='bbox 1222 752 1266 821; x_wconf 88' lang='lat' dir='ltr'><strong>ab</strong></span> 
     </span>
     <span class='ocr_line' id='line_1_5' title="bbox 135 857 1267 961; baseline 0.012 -37"><span class='ocrx_word' id='word_1_27' title='bbox 135 857 235 927; x_wconf 91' lang='lat' dir='ltr'><strong>initio</strong></span> <span class='ocrx_word' id='word_1_28' title='bbox 255 880 328 926; x_wconf 90' lang='lat' dir='ltr'><strong>non</strong></span> <span class='ocrx_word' id='word_1_29' title='bbox 347 857 382 925; x_wconf 93' lang='lat' dir='ltr'><strong>in</strong></span> <span class='ocrx_word' id='word_1_30' title='bbox 402 857 569 928; x_wconf 85' lang='lat' dir='ltr'><strong>incertum</strong></span> <span class='ocrx_word' id='word_1_31' title='bbox 586 858 776 951; x_wconf 83' lang='lat' dir='ltr'><strong>fluctuasse,</strong></span> <span class='ocrx_word' id='word_1_32' title='bbox 791 860 849 932; x_wconf 87' lang='lat' dir='ltr'><strong>sed</strong></span> <span class='ocrx_word' id='word_1_33' title='bbox 868 884 1000 934; x_wconf 87' lang='lat' dir='ltr'><strong>summa</strong></span> <span class='ocrx_word' id='word_1_34' title='bbox 1018 889 1099 936; x_wconf 88' lang='lat' dir='ltr'><strong>cura</strong></span> <span class='ocrx_word' id='word_1_35' title='bbox 1117 868 1267 961; x_wconf 87' lang='lat' dir='ltr'><strong>primum</strong></span> 
     </span>
     <span class='ocr_line' id='line_1_6' title="bbox 121 972 1268 1073; baseline 0.007 -29"><span class='ocrx_word' id='word_1_36' title='bbox 121 972 180 1044; x_wconf 58' lang='lat' dir='ltr'><strong>&#39;ab</strong></span> <span class='ocrx_word' id='word_1_37' title='bbox 194 973 277 1066; x_wconf 88' lang='lat' dir='ltr'><strong>ipsis</strong></span> <span class='ocrx_word' id='word_1_38' title='bbox 292 972 464 1066; x_wconf 86' lang='lat' dir='ltr'><strong>apostolis,</strong></span> <span class='ocrx_word' id='word_1_39' title='bbox 478 972 592 1068; x_wconf 81' lang='lat' dir='ltr'><strong>quoad</strong></span> <span class='ocrx_word' id='word_1_40' title='bbox 606 975 794 1070; x_wconf 74' lang='lat' dir='ltr'><strong>praecipuos</strong></span> <span class='ocrx_word' id='word_1_41' title='bbox 807 975 896 1046; x_wconf 88' lang='lat' dir='ltr'><strong>ritus</strong></span> <span class='ocrx_word' id='word_1_42' title='bbox 914 979 1143 1073; x_wconf 79' lang='lat' dir='ltr'><strong>praescriptam</strong></span> <span class='ocrx_word' id='word_1_43' title='bbox 1164 980 1268 1052; x_wconf 82' lang='lat' dir='ltr'><strong>fuisse</strong></span> 
     </span>
     <span class='ocr_line' id='line_1_7' title="bbox 134 1089 1270 1194; baseline 0.011 -37"><span class='ocrx_word' id='word_1_44' title='bbox 134 1103 238 1184; x_wconf 83' lang='lat' dir='ltr'><strong>atque</strong></span> <span class='ocrx_word' id='word_1_45' title='bbox 255 1089 533 1176; x_wconf 62' lang='lat' dir='ltr'><strong>determinatam</strong></span> <span class='ocrx_word' id='word_1_46' title='bbox 548 1105 622 1162; x_wconf 90' lang='lat' dir='ltr'><strong>tum</strong></span> <span class='ocrx_word' id='word_1_47' title='bbox 637 1093 736 1163; x_wconf 79' lang='lat' dir='ltr'><strong>variis</strong></span> <span class='ocrx_word' id='word_1_48' title='bbox 755 1091 869 1189; x_wconf 79' lang='lat' dir='ltr'><strong>legum</strong></span> <span class='ocrx_word' id='word_1_49' title='bbox 880 1094 1144 1186; x_wconf 76' lang='lat' dir='ltr'><strong>accessionibus,</strong></span> <span class='ocrx_word' id='word_1_50' title='bbox 1167 1121 1270 1194; x_wconf 86' lang='lat' dir='ltr'><strong>syno-</strong></span> 
     </span>
     <span class='ocr_line' id='line_1_8' title="bbox 135 1203 1268 1306; baseline 0.007 -32"><span class='ocrx_word' id='word_1_51' title='bbox 135 1203 260 1276; x_wconf 85' lang='lat' dir='ltr'><strong>dorum</strong></span> <span class='ocrx_word' id='word_1_52' title='bbox 273 1203 432 1295; x_wconf 77' lang='lat' dir='ltr'><strong>decretis,</strong></span> <span class='ocrx_word' id='word_1_53' title='bbox 450 1204 666 1278; x_wconf 71' lang='lat' dir='ltr'><strong>ecclesiarum</strong></span> <span class='ocrx_word' id='word_1_54' title='bbox 690 1208 999 1280; x_wconf 85' lang='lat' dir='ltr'><strong>consuetudinibus</strong></span> <span class='ocrx_word' id='word_1_55' title='bbox 1017 1224 1152 1280; x_wconf 72' lang='lat' dir='ltr'><strong>aucum</strong></span> <span class='ocrx_word' id='word_1_56' title='bbox 1165 1226 1268 1306; x_wconf 84' lang='lat' dir='ltr'><strong>atque</strong></span> 
     </span>
     <span class='ocr_line' id='line_1_9' title="bbox 119 1322 1269 1420; baseline 0.007 -30"><span class='ocrx_word' id='word_1_57' title='bbox 119 1335 295 1392; x_wconf 86' lang='lat' dir='ltr'><strong>··ornatam</strong></span> <span class='ocrx_word' id='word_1_58' title='bbox 315 1322 359 1392; x_wconf 84' lang='lat' dir='ltr'><strong>ad</strong></span> <span class='ocrx_word' id='word_1_59' title='bbox 379 1323 537 1417; x_wconf 87' lang='lat' dir='ltr'><strong>sequiora</strong></span> <span class='ocrx_word' id='word_1_60' title='bbox 564 1347 717 1396; x_wconf 82' lang='lat' dir='ltr'><strong>manasse</strong></span> <span class='ocrx_word' id='word_1_61' title='bbox 737 1339 902 1420; x_wconf 87' lang='lat' dir='ltr'><strong>tempora.</strong></span> <span class='ocrx_word' id='word_1_62' title='bbox 928 1325 1010 1396; x_wconf 86' lang='lat' dir='ltr'><strong>Non</strong></span> <span class='ocrx_word' id='word_1_63' title='bbox 1035 1349 1116 1420; x_wconf 83' lang='lat' dir='ltr'><strong>ergo</strong></span> <span class='ocrx_word' id='word_1_64' title='bbox 1141 1327 1269 1398; x_wconf 91' lang='lat' dir='ltr'><strong>mirum</strong></span> 
     </span>
     <span class='ocr_line' id='line_1_10' title="bbox 137 1435 1270 1538; baseline 0.004 -30"><span class='ocrx_word' id='word_1_65' title='bbox 137 1435 385 1508; x_wconf 86' lang='lat' dir='ltr'><strong>iustitutionem</strong></span> <span class='ocrx_word' id='word_1_66' title='bbox 407 1437 561 1510; x_wconf 80' lang='lat' dir='ltr'><strong>formulae</strong></span> <span class='ocrx_word' id='word_1_67' title='bbox 581 1443 757 1512; x_wconf 66' lang='lat' dir='ltr'><strong>Donamus</strong></span> <span class='ocrx_word' id='word_1_68' title='bbox 773 1439 975 1528; x_wconf 77' lang='lat' dir='ltr'><strong>vobiscum,</strong></span> <span class='ocrx_word' id='word_1_69' title='bbox 995 1453 1030 1508; x_wconf 85' lang='lat' dir='ltr'><strong>et</strong></span> <span class='ocrx_word' id='word_1_70' title='bbox 1047 1463 1127 1510; x_wconf 83' lang='lat' dir='ltr'><strong>cam</strong></span> <span class='ocrx_word' id='word_1_71' title='bbox 1141 1443 1270 1538; x_wconf 75' lang='lat' dir='ltr'><strong>spt&#39;rt&#39;tu</strong></span> 
     </span>
     <span class='ocr_line' id='line_1_11' title="bbox 138 1554 1272 1648; baseline 0.006 -27"><span class='ocrx_word' id='word_1_72' title='bbox 138 1568 245 1639; x_wconf 82' lang='lat' dir='ltr'><strong>tuo,a</strong></span> <span class='ocrx_word' id='word_1_73' title='bbox 264 1555 456 1622; x_wconf 88' lang='lat' dir='ltr'><strong>Bracarensi</strong></span> <span class='ocrx_word' id='word_1_74' title='bbox 469 1555 614 1624; x_wconf 89' lang='lat' dir='ltr'><strong>concilio</strong></span> <span class='ocrx_word' id='word_1_75' title='bbox 629 1554 790 1648; x_wconf 88' lang='lat' dir='ltr'><strong>apostolis</strong></span> <span class='ocrx_word' id='word_1_76' title='bbox 806 1557 908 1626; x_wconf 84' lang='lat' dir='ltr'><strong>fuisse</strong></span> <span class='ocrx_word' id='word_1_77' title='bbox 929 1555 1149 1626; x_wconf 86' lang='lat' dir='ltr'><strong>attributam:</strong></span> <span class='ocrx_word' id='word_1_78' title='bbox 1164 1585 1181 1621; x_wconf 81' lang='grc' dir='ltr'><strong>α</strong></span> <span class='ocrx_word' id='word_1_79' title='bbox 1197 1555 1272 1628; x_wconf 77' lang='lat' dir='ltr'><strong>Ptr-</strong></span> 
     </span>
     <span class='ocr_line' id='line_1_12' title="bbox 122 1666 1268 1767; baseline 0.008 -34"><span class='ocrx_word' id='word_1_80' title='bbox 122 1667 242 1738; x_wconf 77' lang='lat' dir='ltr'><strong>¹comt</strong></span> <span class='ocrx_word' id='word_1_81' title='bbox 264 1683 304 1738; x_wconf 84' lang='lat' dir='ltr'><strong>ut</strong></span> <span class='ocrx_word' id='word_1_82' title='bbox 324 1691 394 1738; x_wconf 90' lang='lat' dir='ltr'><strong>non</strong></span> <span class='ocrx_word' id='word_1_83' title='bbox 411 1666 509 1738; x_wconf 85' lang='lat' dir='ltr'><strong>aliter</strong></span> <span class='ocrx_word' id='word_1_84' title='bbox 526 1667 686 1764; x_wconf 85' lang='lat' dir='ltr'><strong>Episcopi</strong></span> <span class='ocrx_word' id='word_1_85' title='bbox 708 1683 743 1738; x_wconf 88' lang='lat' dir='ltr'><strong>ct</strong></span> <span class='ocrx_word' id='word_1_86' title='bbox 763 1666 862 1739; x_wconf 88' lang='lat' dir='ltr'><strong>aliter</strong></span> <span class='ocrx_word' id='word_1_87' title='bbox 881 1669 1072 1764; x_wconf 82' lang='lat' dir='ltr'><strong>presbyteri</strong></span> <span class='ocrx_word' id='word_1_88' title='bbox 1090 1671 1268 1767; x_wconf 86' lang='lat' dir='ltr'><strong>pupulum,</strong></span> 
     </span>
     <span class='ocr_line' id='line_1_13' title="bbox 141 1783 1270 1874; baseline 0.014 -26"><span class='ocrx_word' id='word_1_89' title='bbox 141 1783 235 1854; x_wconf 79' lang='lat' dir='ltr'><strong>«sed</strong></span> <span class='ocrx_word' id='word_1_90' title='bbox 262 1809 335 1854; x_wconf 88' lang='lat' dir='ltr'><strong>uno</strong></span> <span class='ocrx_word' id='word_1_91' title='bbox 355 1785 460 1855; x_wconf 86' lang='lat' dir='ltr'><strong>modo</strong></span> <span class='ocrx_word' id='word_1_92' title='bbox 476 1784 637 1874; x_wconf 82' lang='lat' dir='ltr'><strong>salutent,</strong></span> <span class='ocrx_word' id='word_1_93' title='bbox 657 1785 830 1856; x_wconf 80' lang='lat' dir='ltr'><strong>dicentes:</strong></span> <span class='ocrx_word' id='word_1_94' title='bbox 850 1789 1028 1858; x_wconf 76' lang='lat' dir='ltr'><em>Dominus</em></span> <span class='ocrx_word' id='word_1_95' title='bbox 1045 1787 1270 1864; x_wconf 71' lang='lat' dir='ltr'><strong>vobt&#39;s‘cum...</strong></span> 
     </span>
     <span class='ocr_line' id='line_1_14' title="bbox 120 1900 1269 2000; baseline 0.01 -34"><span class='ocrx_word' id='word_1_96' title='bbox 120 1927 156 1966; x_wconf 78' lang='lat'><strong>·«</strong></span> <span class='ocrx_word' id='word_1_97' title='bbox 172 1914 207 1970; x_wconf 88' lang='lat' dir='ltr'><strong>et</strong></span> <span class='ocrx_word' id='word_1_98' title='bbox 227 1915 269 1970; x_wconf 92' lang='lat' dir='ltr'><strong>ut</strong></span> <span class='ocrx_word' id='word_1_99' title='bbox 290 1900 534 1998; x_wconf 86' lang='lat' dir='ltr'><strong>respondeatur</strong></span> <span class='ocrx_word' id='word_1_100' title='bbox 550 1925 571 1972; x_wconf 87' lang='lat' dir='ltr'><strong>a</strong></span> <span class='ocrx_word' id='word_1_101' title='bbox 590 1901 720 1998; x_wconf 85' lang='lat' dir='ltr'><strong>populo</strong></span> <span class='ocrx_word' id='word_1_102' title='bbox 736 1927 745 1971; x_wconf 89' lang='lat'><strong>:</strong></span> <span class='ocrx_word' id='word_1_103' title='bbox 761 1915 795 1972; x_wconf 81' lang='lat' dir='ltr'><strong>et</strong></span> <span class='ocrx_word' id='word_1_104' title='bbox 817 1927 896 1972; x_wconf 79' lang='lat' dir='ltr'><strong>curn</strong></span> <span class='ocrx_word' id='word_1_105' title='bbox 917 1905 1046 2000; x_wconf 80' lang='lat' dir='ltr'><strong>spiritu</strong></span> <span class='ocrx_word' id='word_1_106' title='bbox 1071 1920 1133 1976; x_wconf 84' lang='lat' dir='ltr'><strong>tuo</strong></span> <span class='ocrx_word' id='word_1_107' title='bbox 1153 1909 1269 1980; x_wconf 88' lang='lat' dir='ltr'><strong>:sicut</strong></span> 
     </span>
     <span class='ocr_line' id='line_1_15' title="bbox 140 2014 1270 2112; baseline 0.012 -33"><span class='ocrx_word' id='word_1_108' title='bbox 140 2030 205 2086; x_wconf 80' lang='lat' dir='ltr'><strong>eat</strong></span> <span class='ocrx_word' id='word_1_109' title='bbox 219 2015 264 2086; x_wconf 88' lang='lat' dir='ltr'><strong>ab</strong></span> <span class='ocrx_word' id='word_1_110' title='bbox 278 2015 362 2112; x_wconf 86' lang='lat' dir='ltr'><strong>ipsis</strong></span> <span class='ocrx_word' id='word_1_111' title='bbox 376 2014 539 2112; x_wconf 86' lang='lat' dir='ltr'><strong>apostolis</strong></span> <span class='ocrx_word' id='word_1_112' title='bbox 553 2016 716 2090; x_wconf 84' lang='lat' dir='ltr'><strong>traditum</strong></span> <span class='ocrx_word' id='word_1_113' title='bbox 730 2017 841 2086; x_wconf 87' lang='lat' dir='ltr'><strong>omnis</strong></span> <span class='ocrx_word' id='word_1_114' title='bbox 857 2017 981 2087; x_wconf 86' lang='lat' dir='ltr'><strong>rctinet</strong></span> <span class='ocrx_word' id='word_1_115' title='bbox 1002 2019 1137 2106; x_wconf 79' lang='lat' dir='ltr'><strong>Oriens,</strong></span> <span class='ocrx_word' id='word_1_116' title='bbox 1152 2036 1185 2090; x_wconf 90' lang='lat' dir='ltr'><strong>et</strong></span> <span class='ocrx_word' id='word_1_117' title='bbox 1200 2046 1270 2092; x_wconf 91' lang='lat' dir='ltr'><strong>non</strong></span> 
     </span>
     <span class='ocr_line' id='line_1_16' title="bbox 140 2130 1271 2228; baseline 0.006 -31"><span class='ocrx_word' id='word_1_118' title='bbox 140 2133 262 2203; x_wconf 77' lang='lat' dir='ltr'><strong>«sicut</strong></span> <span class='ocrx_word' id='word_1_119' title='bbox 280 2130 489 2204; x_wconf 81' lang='lat' dir='ltr'><strong>Priscilliana</strong></span> <span class='ocrx_word' id='word_1_120' title='bbox 507 2135 657 2226; x_wconf 71' lang='lat' dir='ltr'><strong>prauitas</strong></span> <span class='ocrx_word' id='word_1_121' title='bbox 678 2131 871 2204; x_wconf 75' lang='lat' dir='ltr'><strong>immutavit</strong></span> <span class='ocrx_word' id='word_1_122' title='bbox 883 2161 901 2197; x_wconf 81' lang='lat' dir='ltr'><strong>s</strong></span> <span class='ocrx_word' id='word_1_123' title='bbox 914 2130 1004 2226; x_wconf 82' lang='lat' dir='ltr'><strong>(can.</strong></span> <span class='ocrx_word' id='word_1_124' title='bbox 1022 2133 1097 2228; x_wconf 78' lang='lat' dir='ltr'><strong>st).</strong></span> <span class='ocrx_word' id='word_1_125' title='bbox 1112 2137 1191 2207; x_wconf 81' lang='lat' dir='ltr'><strong>Non</strong></span> <span class='ocrx_word' id='word_1_126' title='bbox 1205 2136 1271 2204; x_wconf 87' lang='lat' dir='ltr'><strong>mi·</strong></span> 
     </span>
     <span class='ocr_line' id='line_1_17' title="bbox 141 2246 1271 2344; baseline 0.005 -28"><span class='ocrx_word' id='word_1_127' title='bbox 141 2271 220 2318; x_wconf 83' lang='lat' dir='ltr'><strong>rum</strong></span> <span class='ocrx_word' id='word_1_128' title='bbox 237 2246 399 2344; x_wconf 83' lang='lat' dir='ltr'><strong>aVigilio</strong></span> <span class='ocrx_word' id='word_1_129' title='bbox 413 2251 505 2342; x_wconf 78' lang='lat' dir='ltr'><strong>Papa</strong></span> <span class='ocrx_word' id='word_1_130' title='bbox 523 2248 625 2319; x_wconf 86' lang='lat' dir='ltr'><strong>asseri</strong></span> <span class='ocrx_word' id='word_1_131' title='bbox 641 2247 749 2318; x_wconf 86' lang='lat' dir='ltr'><strong>missae</strong></span> <span class='ocrx_word' id='word_1_132' title='bbox 760 2271 925 2318; x_wconf 84' lang='lat' dir='ltr'><strong>canonem</strong></span> <span class='ocrx_word' id='word_1_133' title='bbox 937 2261 1095 2318; x_wconf 79' lang='lat' dir='ltr'><strong>auctores</strong></span> <span class='ocrx_word' id='word_1_134' title='bbox 1114 2248 1271 2330; x_wconf 83' lang='lat' dir='ltr'><strong>habuisse</strong></span> 
     </span>
     <span class='ocr_line' id='line_1_18' title="bbox 141 2361 1271 2460; baseline -0.003 -20"><span class='ocrx_word' id='word_1_135' title='bbox 141 2363 304 2459; x_wconf 68' lang='lat' dir='ltr'><strong>ipsosmet</strong></span> <span class='ocrx_word' id='word_1_136' title='bbox 328 2362 499 2459; x_wconf 83' lang='lat' dir='ltr'><strong>apostolos</strong></span> <span class='ocrx_word' id='word_1_137' title='bbox 522 2391 532 2435; x_wconf 76' lang='grc' dir='ltr'><strong>ε</strong></span> <span class='ocrx_word' id='word_1_138' title='bbox 552 2377 764 2460; x_wconf 83' lang='lat' dir='ltr'><strong>quapropter</strong></span> <span class='ocrx_word' id='word_1_139' title='bbox 790 2379 824 2434; x_wconf 89' lang='lat' dir='ltr'><strong>et</strong></span> <span class='ocrx_word' id='word_1_140' title='bbox 847 2362 952 2457; x_wconf 90' lang='lat' dir='ltr'><strong>ipsius</strong></span> <span class='ocrx_word' id='word_1_141' title='bbox 971 2361 1141 2437; x_wconf 78' lang='lat' dir='ltr'><strong>canonicae</strong></span> <span class='ocrx_word' id='word_1_142' title='bbox 1159 2364 1271 2458; x_wconf 82' lang='lat' dir='ltr'><strong>precis</strong></span> 
     </span>
     <span class='ocr_line' id='line_1_19' title="bbox 141 2478 1272 2575; baseline 0.003 -27"><span class='ocrx_word' id='word_1_143' title='bbox 141 2493 272 2550; x_wconf 83' lang='lat' dir='ltr'><strong>tentum</strong></span> <span class='ocrx_word' id='word_1_144' title='bbox 296 2479 618 2550; x_wconf 80' lang='lat' dir='ltr'><strong>direximussubter</strong></span> <span class='ocrx_word' id='word_1_145' title='bbox 641 2478 824 2575; x_wconf 85' lang='lat' dir='ltr'><strong>adjectum,</strong></span> <span class='ocrx_word' id='word_1_146' title='bbox 839 2501 942 2573; x_wconf 89' lang='lat' dir='ltr'><strong>quam</strong></span> <span class='ocrx_word' id='word_1_147' title='bbox 965 2481 1038 2548; x_wconf 87' lang='lat' dir='ltr'><strong>Deo</strong></span> <span class='ocrx_word' id='word_1_148' title='bbox 1060 2480 1272 2574; x_wconf 73' lang='lat' dir='ltr'><strong>propitiosa</strong></span> 
     </span>
     <span class='ocr_line' id='line_1_20' title="bbox 140 2592 1272 2691; baseline 0.004 -28"><span class='ocrx_word' id='word_1_149' title='bbox 140 2593 329 2691; x_wconf 84' lang='lat' dir='ltr'><strong>apostolica</strong></span> <span class='ocrx_word' id='word_1_150' title='bbox 346 2595 529 2665; x_wconf 86' lang='lat' dir='ltr'><strong>traditione</strong></span> <span class='ocrx_word' id='word_1_151' title='bbox 541 2596 732 2691; x_wconf 87' lang='lat' dir='ltr'><strong>accepimus</strong></span> <span class='ocrx_word' id='word_1_152' title='bbox 753 2594 875 2690; x_wconf 85' lang='lat' dir='ltr'><strong>(Epist.</strong></span> <span class='ocrx_word' id='word_1_153' title='bbox 891 2592 934 2663; x_wconf 90' lang='lat' dir='ltr'><strong>ad</strong></span> <span class='ocrx_word' id='word_1_154' title='bbox 948 2592 1171 2666; x_wconf 87' lang='lat' dir='ltr'><strong>Profuturum</strong></span> <span class='ocrx_word' id='word_1_155' title='bbox 1188 2599 1272 2668; x_wconf 86' lang='lat' dir='ltr'><strong>Bra·</strong></span> 
     </span>
     <span class='ocr_line' id='line_1_21' title="bbox 141 2706 1273 2806; baseline 0 -24"><span class='ocrx_word' id='word_1_156' title='bbox 141 2733 328 2800; x_wconf 78' lang='lat' dir='ltr'><strong>sartensem,</strong></span> <span class='ocrx_word' id='word_1_157' title='bbox 353 2710 445 2805; x_wconf 88' lang='lat' dir='ltr'><strong>apud</strong></span> <span class='ocrx_word' id='word_1_158' title='bbox 466 2711 598 2800; x_wconf 85' lang='lat' dir='ltr'><strong>Lnbbe,</strong></span> <span class='ocrx_word' id='word_1_159' title='bbox 613 2725 641 2781; x_wconf 89' lang='lat' dir='ltr'><strong>t.</strong></span> <span class='ocrx_word' id='word_1_160' title='bbox 659 2713 704 2799; x_wconf 92' lang='lat' dir='ltr'><strong>V,</strong></span> <span class='ocrx_word' id='word_1_161' title='bbox 714 2732 796 2806; x_wconf 84' lang='lat' dir='ltr'><strong>pag.</strong></span> <span class='ocrx_word' id='word_1_162' title='bbox 825 2706 923 2803; x_wconf 81' lang='lat'><strong>313).</strong></span> <span class='ocrx_word' id='word_1_163' title='bbox 939 2713 1020 2784; x_wconf 87' lang='lat' dir='ltr'><strong>Non</strong></span> <span class='ocrx_word' id='word_1_164' title='bbox 1044 2709 1170 2780; x_wconf 75' lang='lat' dir='ltr'><strong>mirum</strong></span> <span class='ocrx_word' id='word_1_165' title='bbox 1190 2735 1273 2782; x_wconf 86' lang='lat' dir='ltr'><strong>san-</strong></span> 
     </span>
     <span class='ocr_line' id='line_1_22' title="bbox 141 2825 1275 2923; baseline 0.003 -27"><span class='ocrx_word' id='word_1_166' title='bbox 141 2841 233 2904; x_wconf 84' lang='lat' dir='ltr'><strong>ctam</strong></span> <span class='ocrx_word' id='word_1_167' title='bbox 240 2827 475 2897; x_wconf 82' lang='lat' dir='ltr'><strong>Tridentinant</strong></span> <span class='ocrx_word' id='word_1_168' title='bbox 483 2826 649 2923; x_wconf 78' lang='lat' dir='ltr'><strong>synodum</strong></span> <span class='ocrx_word' id='word_1_169' title='bbox 656 2825 763 2896; x_wconf 77' lang='lat' dir='ltr'><strong>cidens</strong></span> <span class='ocrx_word' id='word_1_170' title='bbox 771 2825 977 2896; x_wconf 85' lang='lat' dir='ltr'><strong>institutioni</strong></span> <span class='ocrx_word' id='word_1_171' title='bbox 986 2825 1179 2920; x_wconf 74' lang='lat' dir='ltr'><strong>apostolica</strong></span> <span class='ocrx_word' id='word_1_172' title='bbox 1186 2829 1275 2908; x_wconf 80' lang='lat' dir='ltr'><strong>ritus</strong></span> 
     </span>
     <span class='ocr_line' id='line_1_23' title="bbox 143 2940 1275 3039; baseline 0.005 -29"><span class='ocrx_word' id='word_1_173' title='bbox 143 2941 322 3039; x_wconf 79' lang='lat' dir='ltr'><strong>liturgicus</strong></span> <span class='ocrx_word' id='word_1_174' title='bbox 331 2942 509 3014; x_wconf 86' lang='lat' dir='ltr'><strong>tribuisse:</strong></span> <span class='ocrx_word' id='word_1_175' title='bbox 524 2971 542 3008; x_wconf 81' lang='grc' dir='ltr'><em>α</em></span> <span class='ocrx_word' id='word_1_176' title='bbox 556 2943 784 3014; x_wconf 72' lang='lat' dir='ltr'><strong>Caremonias</strong></span> <span class='ocrx_word' id='word_1_177' title='bbox 797 2942 877 3012; x_wconf 87' lang='lat' dir='ltr'><strong>item</strong></span> <span class='ocrx_word' id='word_1_178' title='bbox 891 2940 1048 3010; x_wconf 84' lang='lat' dir='ltr'><strong>adhibuit</strong></span> <span class='ocrx_word' id='word_1_179' title='bbox 1061 2941 1222 3032; x_wconf 80' lang='lat' dir='ltr'><strong>Ecclesia,</strong></span> <span class='ocrx_word' id='word_1_180' title='bbox 1236 2960 1275 3016; x_wconf 91' lang='lat' dir='ltr'><strong>ut</strong></span> 
     </span>
     <span class='ocr_line' id='line_1_24' title="bbox 140 3053 1272 3156; baseline 0.002 -32"><span class='ocrx_word' id='word_1_181' title='bbox 140 3085 159 3124; x_wconf 79' lang='lat' dir='ltr'><strong>s</strong></span> <span class='ocrx_word' id='word_1_182' title='bbox 173 3061 332 3156; x_wconf 81' lang='lat' dir='ltr'><strong>mysticas</strong></span> <span class='ocrx_word' id='word_1_183' title='bbox 358 3055 622 3146; x_wconf 83' lang='lat' dir='ltr'><strong>benedictiones,</strong></span> <span class='ocrx_word' id='word_1_184' title='bbox 642 3054 782 3144; x_wconf 84' lang='lat' dir='ltr'><strong>luminu,</strong></span> <span class='ocrx_word' id='word_1_185' title='bbox 794 3053 1027 3148; x_wconf 75' lang='lat' dir='ltr'><strong>thymiamata,</strong></span> <span class='ocrx_word' id='word_1_186' title='bbox 1046 3069 1166 3141; x_wconf 80' lang='lat' dir='ltr'><strong>restes,</strong></span> <span class='ocrx_word' id='word_1_187' title='bbox 1190 3053 1272 3128; x_wconf 85' lang='lat' dir='ltr'><strong>aliu·</strong></span> 
     </span>
     <span class='ocr_line' id='line_1_25' title="bbox 143 3166 1275 3269; baseline 0 -29"><span class='ocrx_word' id='word_1_188' title='bbox 143 3203 161 3240; x_wconf 78' lang='lat'>«</span> <span class='ocrx_word' id='word_1_189' title='bbox 174 3199 244 3269; x_wconf 84' lang='lat' dir='ltr'><strong>qne</strong></span> <span class='ocrx_word' id='word_1_190' title='bbox 261 3173 297 3242; x_wconf 93' lang='lat' dir='ltr'><strong>id</strong></span> <span class='ocrx_word' id='word_1_191' title='bbox 312 3197 420 3269; x_wconf 84' lang='lat' dir='ltr'><strong>genus</strong></span> <span class='ocrx_word' id='word_1_192' title='bbox 431 3170 552 3262; x_wconf 83' lang='lat' dir='ltr'><strong>muita,</strong></span> <span class='ocrx_word' id='word_1_193' title='bbox 566 3195 607 3240; x_wconf 84' lang='lat' dir='ltr'><strong>cx</strong></span> <span class='ocrx_word' id='word_1_194' title='bbox 621 3168 807 3267; x_wconf 87' lang='lat' dir='ltr'><strong>apostolica</strong></span> <span class='ocrx_word' id='word_1_195' title='bbox 821 3166 999 3264; x_wconf 84' lang='lat' dir='ltr'><strong>disciplina</strong></span> <span class='ocrx_word' id='word_1_196' title='bbox 1012 3184 1047 3240; x_wconf 90' lang='lat' dir='ltr'><strong>et</strong></span> <span class='ocrx_word' id='word_1_197' title='bbox 1065 3169 1275 3246; x_wconf 77' lang='lat' dir='ltr'><strong>traditiones</strong></span> 
     </span>
     <span class='ocr_line' id='line_1_26' title="bbox 144 3284 1276 3386; baseline -0.002 -26"><span class='ocrx_word' id='word_1_198' title='bbox 144 3289 241 3386; x_wconf 84' lang='lat' dir='ltr'><strong>(sess.</strong></span> <span class='ocrx_word' id='word_1_199' title='bbox 256 3313 317 3379; x_wconf 83' lang='lat' dir='ltr'><strong>nn,</strong></span> <span class='ocrx_word' id='word_1_200' title='bbox 329 3311 403 3384; x_wconf 89' lang='lat' dir='ltr'><strong>cap.</strong></span> <span class='ocrx_word' id='word_1_201' title='bbox 423 3286 473 3384; x_wconf 81' lang='lat'><strong>5).</strong></span> <span class='ocrx_word' id='word_1_202' title='bbox 491 3288 570 3360; x_wconf 86' lang='lat' dir='ltr'><strong>Non</strong></span> <span class='ocrx_word' id='word_1_203' title='bbox 580 3287 707 3358; x_wconf 89' lang='lat' dir='ltr'><strong>mirum</strong></span> <span class='ocrx_word' id='word_1_204' title='bbox 721 3284 856 3357; x_wconf 88' lang='lat' dir='ltr'><strong>tandem</strong></span> <span class='ocrx_word' id='word_1_205' title='bbox 871 3284 915 3354; x_wconf 88' lang='lat' dir='ltr'><strong>ab</strong></span> <span class='ocrx_word' id='word_1_206' title='bbox 931 3285 1240 3380; x_wconf 76' lang='lat' dir='ltr'><strong>ipsismetcruditis</strong></span> <span class='ocrx_word' id='word_1_207' title='bbox 1255 3311 1276 3358; x_wconf 88' lang='lat' dir='ltr'><strong>e</strong></span> 
     </span>
     <span class='ocr_line' id='line_1_27' title="bbox 143 3401 1277 3501; baseline -0.002 -25"><span class='ocrx_word' id='word_1_208' title='bbox 143 3406 405 3501; x_wconf 83' lang='lat' dir='ltr'><strong>protestantium</strong></span> <span class='ocrx_word' id='word_1_209' title='bbox 425 3417 516 3474; x_wconf 85' lang='lat' dir='ltr'><strong>secta</strong></span> <span class='ocrx_word' id='word_1_210' title='bbox 528 3403 752 3500; x_wconf 83' lang='lat' dir='ltr'><strong>scriptoribus</strong></span> <span class='ocrx_word' id='word_1_211' title='bbox 765 3425 829 3497; x_wconf 89' lang='lat' dir='ltr'><strong>pro</strong></span> <span class='ocrx_word' id='word_1_212' title='bbox 850 3415 1026 3494; x_wconf 84' lang='lat' dir='ltr'><strong>comperta</strong></span> <span class='ocrx_word' id='word_1_213' title='bbox 1045 3401 1164 3470; x_wconf 85' lang='lat' dir='ltr'><strong>haberi</strong></span> <span class='ocrx_word' id='word_1_214' title='bbox 1179 3425 1277 3498; x_wconf 88' lang='lat' dir='ltr'><strong>apos·</strong></span> 
     </span>
     <span class='ocr_line' id='line_1_28' title="bbox 119 3513 1279 3618; baseline 0 -30"><span class='ocrx_word' id='word_1_215' title='bbox 119 3549 123 3556; x_wconf 95' lang='lat'>·</span> <span class='ocrx_word' id='word_1_216' title='bbox 145 3519 282 3592; x_wconf 86' lang='lat' dir='ltr'><strong>tolicam</strong></span> <span class='ocrx_word' id='word_1_217' title='bbox 295 3519 440 3618; x_wconf 79' lang='lat' dir='ltr'><strong>liturgiae</strong></span> <span class='ocrx_word' id='word_1_218' title='bbox 454 3519 703 3591; x_wconf 85' lang='lat' dir='ltr'><strong>institutionem</strong></span> <span class='ocrx_word' id='word_1_219' title='bbox 718 3543 727 3588; x_wconf 76' lang='grc' dir='ltr'><strong>ι</strong></span> <span class='ocrx_word' id='word_1_220' title='bbox 742 3545 759 3582; x_wconf 75' lang='lat' dir='ltr'><strong>o</strong></span> <span class='ocrx_word' id='word_1_221' title='bbox 774 3518 969 3586; x_wconf 77' lang='lat' dir='ltr'><strong>consensus</strong></span> <span class='ocrx_word' id='word_1_222' title='bbox 983 3513 1199 3612; x_wconf 81' lang='lat' dir='ltr'><strong>liturgiarum</strong></span> <span class='ocrx_word' id='word_1_223' title='bbox 1215 3541 1279 3616; x_wconf 88' lang='lat' dir='ltr'><strong>per</strong></span> 
     </span>
     <span class='ocr_line' id='line_1_29' title="bbox 144 3630 1279 3733; baseline 0.005 -33"><span class='ocrx_word' id='word_1_224' title='bbox 144 3663 163 3700; x_wconf 79' lang='lat' dir='ltr'><strong>e</strong></span> <span class='ocrx_word' id='word_1_225' title='bbox 178 3637 294 3706; x_wconf 87' lang='lat' dir='ltr'><strong>omnia</strong></span> <span class='ocrx_word' id='word_1_226' title='bbox 315 3635 390 3707; x_wconf 87' lang='lat' dir='ltr'><strong>loca</strong></span> <span class='ocrx_word' id='word_1_227' title='bbox 409 3661 449 3707; x_wconf 93' lang='lat' dir='ltr'><strong>ac</strong></span> <span class='ocrx_word' id='word_1_228' title='bbox 470 3651 622 3733; x_wconf 87' lang='lat' dir='ltr'><strong>tempora</strong></span> <span class='ocrx_word' id='word_1_229' title='bbox 637 3637 672 3705; x_wconf 96' lang='lat' dir='ltr'><strong>in</strong></span> <span class='ocrx_word' id='word_1_230' title='bbox 688 3633 845 3731; x_wconf 83' lang='lat' dir='ltr'><strong>precibus</strong></span> <span class='ocrx_word' id='word_1_231' title='bbox 859 3630 936 3719; x_wconf 86' lang='lat' dir='ltr'><strong>illis,</strong></span> <span class='ocrx_word' id='word_1_232' title='bbox 948 3647 988 3701; x_wconf 91' lang='lat' dir='ltr'><strong>ut</strong></span> <span class='ocrx_word' id='word_1_233' title='bbox 1002 3635 1098 3703; x_wconf 87' lang='lat' dir='ltr'><strong>Deus</strong></span> <span class='ocrx_word' id='word_1_234' title='bbox 1111 3633 1202 3704; x_wconf 83' lang='lat' dir='ltr'><strong>dona</strong></span> <span class='ocrx_word' id='word_1_235' title='bbox 1215 3659 1279 3732; x_wconf 88' lang='lat' dir='ltr'><strong>per</strong></span> 
     </span>
     <span class='ocr_line' id='line_1_30' title="bbox 143 3747 1277 3849; baseline -0.001 -28"><span class='ocrx_word' id='word_1_236' title='bbox 143 3755 344 3849; x_wconf 75' lang='lat' dir='ltr'><strong>«Spiritum</strong></span> <span class='ocrx_word' id='word_1_237' title='bbox 358 3776 456 3824; x_wconf 89' lang='lat' dir='ltr'><strong>suurn</strong></span> <span class='ocrx_word' id='word_1_238' title='bbox 477 3752 674 3843; x_wconf 76' lang='lat' dir='ltr'><strong>sanctificet,</strong></span> <span class='ocrx_word' id='word_1_239' title='bbox 695 3773 801 3846; x_wconf 86' lang='lat' dir='ltr'><strong>eaque</strong></span> <span class='ocrx_word' id='word_1_240' title='bbox 820 3747 921 3820; x_wconf 86' lang='lat' dir='ltr'><strong>faciat</strong></span> <span class='ocrx_word' id='word_1_241' title='bbox 941 3771 1066 3844; x_wconf 89' lang='lat' dir='ltr'><strong>corpus</strong></span> <span class='ocrx_word' id='word_1_242' title='bbox 1085 3765 1119 3820; x_wconf 87' lang='lat' dir='ltr'><strong>ct</strong></span> <span class='ocrx_word' id='word_1_243' title='bbox 1137 3751 1277 3847; x_wconf 85' lang='lat' dir='ltr'><strong>sangui·</strong></span> 
     </span>
     <span class='ocr_line' id='line_1_31' title="bbox 125 3866 1278 3964; baseline 0.003 -28"><span class='ocrx_word' id='word_1_244' title='bbox 125 3901 128 3908; x_wconf 90' lang='grc'><em>·</em></span> <span class='ocrx_word' id='word_1_245' title='bbox 145 3897 164 3936; x_wconf 79' lang='lat' dir='ltr'><strong>o</strong></span> <span class='ocrx_word' id='word_1_246' title='bbox 178 3892 257 3940; x_wconf 85' lang='lat' dir='ltr'><strong>nem</strong></span> <span class='ocrx_word' id='word_1_247' title='bbox 282 3871 423 3961; x_wconf 81' lang='lat' dir='ltr'><strong>Christi,</strong></span> <span class='ocrx_word' id='word_1_248' title='bbox 439 3895 496 3940; x_wconf 86' lang='lat' dir='ltr'><strong>me</strong></span> <span class='ocrx_word' id='word_1_249' title='bbox 505 3869 663 3940; x_wconf 86' lang='lat' dir='ltr'><strong>dubitare</strong></span> <span class='ocrx_word' id='word_1_250' title='bbox 680 3891 750 3938; x_wconf 89' lang='lat' dir='ltr'><strong>non</strong></span> <span class='ocrx_word' id='word_1_251' title='bbox 770 3866 1015 3937; x_wconf 86' lang='lat' dir='ltr'><strong>sinunt·renirc</strong></span> <span class='ocrx_word' id='word_1_252' title='bbox 1041 3866 1107 3936; x_wconf 90' lang='lat' dir='ltr'><strong>boc</strong></span> <span class='ocrx_word' id='word_1_253' title='bbox 1124 3892 1143 3936; x_wconf 91' lang='lat' dir='ltr'><strong>a</strong></span> <span class='ocrx_word' id='word_1_254' title='bbox 1165 3868 1278 3964; x_wconf 89' lang='lat' dir='ltr'><strong>prima</strong></span> 
     </span>
     <span class='ocr_line' id='line_1_32' title="bbox 123 3967 1278 4082; baseline 0.003 -29"><span class='ocrx_word' id='word_1_255' title='bbox 123 3985 417 4082; x_wconf 77' lang='lat' dir='ltr'><strong>·uapostoiorum</strong></span> <span class='ocrx_word' id='word_1_256' title='bbox 445 3985 657 4056; x_wconf 89' lang='lat' dir='ltr'><strong>institutione</strong></span> <span class='ocrx_word' id='word_1_257' title='bbox 686 4013 704 4052; x_wconf 82' lang='lat' dir='ltr'><strong>s</strong></span> <span class='ocrx_word' id='word_1_258' title='bbox 736 3983 907 4081; x_wconf 83' lang='lat' dir='ltr'><strong>(Grotius,</strong></span> <span class='ocrx_word' id='word_1_259' title='bbox 934 3982 975 4051; x_wconf 88' lang='lat' dir='ltr'><strong>de</strong></span> <span class='ocrx_word' id='word_1_260' title='bbox 1003 3967 1278 4079; x_wconf 52' lang='lat' dir='ltr'><strong>pace&#39;Ecclesiae,</strong></span> 
     </span>
     <span class='ocr_line' id='line_1_33' title="bbox 146 4098 1279 4199; baseline 0.001 -27"><span class='ocrx_word' id='word_1_261' title='bbox 146 4125 236 4199; x_wconf 77' lang='lat' dir='ltr'><strong>page</strong></span> <span class='ocrx_word' id='word_1_262' title='bbox 252 4101 326 4199; x_wconf 81' lang='lat'><strong>70).</strong></span> <span class='ocrx_word' id='word_1_263' title='bbox 343 4132 360 4168; x_wconf 78' lang='lat' dir='ltr'><strong>s</strong></span> <span class='ocrx_word' id='word_1_264' title='bbox 382 4101 463 4173; x_wconf 81' lang='lat' dir='ltr'><strong>llius</strong></span> <span class='ocrx_word' id='word_1_265' title='bbox 478 4103 538 4198; x_wconf 92' lang='lat' dir='ltr'><strong>qui</strong></span> <span class='ocrx_word' id='word_1_266' title='bbox 557 4102 592 4172; x_wconf 94' lang='lat' dir='ltr'><strong>in</strong></span> <span class='ocrx_word' id='word_1_267' title='bbox 606 4101 764 4174; x_wconf 88' lang='lat' dir='ltr'><strong>omnibus</strong></span> <span class='ocrx_word' id='word_1_268' title='bbox 779 4100 850 4172; x_wconf 86' lang='lat' dir='ltr'><strong>istis</strong></span> <span class='ocrx_word' id='word_1_269' title='bbox 861 4098 1009 4195; x_wconf 84' lang='lat' dir='ltr'><strong>liturgiis</strong></span> <span class='ocrx_word' id='word_1_270' title='bbox 1027 4102 1279 4197; x_wconf 85' lang='lat' dir='ltr'><strong>exprimuntur,</strong></span> 
     </span>
     <span class='ocr_line' id='line_1_34' title="bbox 148 4211 1280 4315; baseline 0.004 -32"><span class='ocrx_word' id='word_1_271' title='bbox 148 4245 167 4283; x_wconf 76' lang='lat' dir='ltr'><strong>r</strong></span> <span class='ocrx_word' id='word_1_272' title='bbox 180 4217 310 4314; x_wconf 86' lang='lat' dir='ltr'><strong>quique</strong></span> <span class='ocrx_word' id='word_1_273' title='bbox 326 4219 396 4315; x_wconf 82' lang='lat' dir='ltr'><strong>jorn</strong></span> <span class='ocrx_word' id='word_1_274' title='bbox 416 4217 496 4289; x_wconf 82' lang='lat' dir='ltr'><strong>oiim</strong></span> <span class='ocrx_word' id='word_1_275' title='bbox 515 4218 643 4314; x_wconf 86' lang='lat' dir='ltr'><strong>ubique</strong></span> <span class='ocrx_word' id='word_1_276' title='bbox 668 4220 758 4289; x_wconf 89' lang='lat' dir='ltr'><strong>inter</strong></span> <span class='ocrx_word' id='word_1_277' title='bbox 776 4241 869 4289; x_wconf 86' lang='lat' dir='ltr'><strong>sacra</strong></span> <span class='ocrx_word' id='word_1_278' title='bbox 895 4217 1053 4314; x_wconf 82' lang='lat' dir='ltr'><strong>mysteria</strong></span> <span class='ocrx_word' id='word_1_279' title='bbox 1076 4211 1189 4288; x_wconf 88' lang='lat' dir='ltr'><strong>usitati</strong></span> <span class='ocrx_word' id='word_1_280' title='bbox 1205 4219 1280 4288; x_wconf 87' lang='lat' dir='ltr'><strong>fue·</strong></span> 
     </span>
     <span class='ocr_line' id='line_1_35' title="bbox 122 4332 1280 4432; baseline 0.005 -34"><span class='ocrx_word' id='word_1_281' title='bbox 122 4355 125 4362; x_wconf 91' lang='lat'>·</span> <span class='ocrx_word' id='word_1_282' title='bbox 153 4345 269 4406; x_wconf 76' lang='lat' dir='ltr'><strong>«runt</strong></span> <span class='ocrx_word' id='word_1_283' title='bbox 299 4334 407 4426; x_wconf 80' lang='lat' dir='ltr'><strong>ritus,</strong></span> <span class='ocrx_word' id='word_1_284' title='bbox 435 4360 477 4405; x_wconf 81' lang='lat' dir='ltr'><strong>cx</strong></span> <span class='ocrx_word' id='word_1_285' title='bbox 498 4333 695 4432; x_wconf 75' lang='lat' dir='ltr'><strong>‚apostolica</strong></span> <span class='ocrx_word' id='word_1_286' title='bbox 726 4333 909 4406; x_wconf 88' lang='lat' dir='ltr'><strong>traditione</strong></span> <span class='ocrx_word' id='word_1_287' title='bbox 934 4332 1089 4423; x_wconf 77' lang='lat' dir='ltr'><strong>fluxissc3</strong></span> <span class='ocrx_word' id='word_1_288' title='bbox 1112 4332 1280 4404; x_wconf 78' lang='lat' dir='ltr'><strong>ccclesias</strong></span> 
     </span>
     <span class='ocr_line' id='line_1_36' title="bbox 124 4447 1280 4552; baseline 0.003 -34"><span class='ocrx_word' id='word_1_289' title='bbox 124 4473 129 4480; x_wconf 94' lang='lat'>·</span> <span class='ocrx_word' id='word_1_290' title='bbox 148 4471 172 4511; x_wconf 68' lang='lat' dir='ltr'><strong>a</strong></span> <span class='ocrx_word' id='word_1_291' title='bbox 185 4447 277 4522; x_wconf 85' lang='lat' dir='ltr'><strong>enim</strong></span> <span class='ocrx_word' id='word_1_292' title='bbox 298 4451 342 4523; x_wconf 88' lang='lat' dir='ltr'><strong>ab</strong></span> <span class='ocrx_word' id='word_1_293' title='bbox 360 4451 520 4552; x_wconf 80' lang='lat' dir='ltr'><strong>apostolis</strong></span> <span class='ocrx_word' id='word_1_294' title='bbox 534 4453 706 4528; x_wconf 86' lang='lat' dir='ltr'><strong>institutas</strong></span> <span class='ocrx_word' id='word_1_295' title='bbox 717 4451 862 4527; x_wconf 70' lang='lat' dir='ltr'><strong>formam</strong></span> <span class='ocrx_word' id='word_1_296' title='bbox 887 4450 1037 4550; x_wconf 78' lang='lat' dir='ltr'><strong>aliquam</strong></span> <span class='ocrx_word' id='word_1_297' title='bbox 1053 4463 1089 4522; x_wconf 90' lang='lat' dir='ltr'><strong>et</strong></span> <span class='ocrx_word' id='word_1_298' title='bbox 1103 4450 1207 4522; x_wconf 63' lang='lat' dir='ltr'><strong>mum</strong></span> <span class='ocrx_word' id='word_1_299' title='bbox 1221 4449 1280 4522; x_wconf 80' lang='lat' dir='ltr'><strong>of·</strong></span> 
     </span>
     <span class='ocr_line' id='line_1_37' title="bbox 1049 4588 1104 4638; baseline -0.036 0"><span class='ocrx_word' id='word_1_300' title='bbox 1049 4588 1104 4638; x_wconf 86' lang='lat'><strong>11.</strong></span> 
     </span>
    </p>
   </div>
   <div class='ocr_carea' id='block_1_3' title="bbox 0 0 1513 5072">
    <p class='ocr_par' dir='ltr' id='par_1_3' title="bbox 0 0 1513 5072">
     <span class='ocr_line' id='line_1_38' title="bbox 0 0 1513 5072; baseline 0 0"><span class='ocrx_word' id='word_1_301' title='bbox 0 0 1513 5072; x_wconf 95' lang='lat' dir='ltr'><strong> </strong></span> 
     </span>
    </p>
   </div>
  </div>
 </body>
</html>
