2982 5072
692 361 896 410 lucratus

676 603 845 688 SBGTlO
880 604 915 683 l.

474 844 714 904 mortuum
731 842 934 902 stsrmu
949 840 1124 900 mutiat.

281 1063 323 1128 ln
338 1083 380 1130 eo
393 1057 605 1128 concordant
623 1079 756 1126 errores
779 1069 819 1124 ut
835 1058 993 1124 Romano
1016 1051 1174 1124 Pontifici
1193 1052 1361 1148 denegent

231 1200 426 1271 supremum
441 1175 497 1267 jus
519 1173 610 1269 leges
631 1173 673 1240 de
694 1170 834 1265 liturgia
855 1170 1000 1240 ferendi.
1022 1173 1070 1240 tt
1089 1183 1195 1264 prout
1215 1169 1251 1238 in
1269 1194 1359 1239 uno·
1455 1267 1460 1279 Ι

231 1315 369 1386 quoque
397 1302 576 1384 systemate
603 1285 843 1380 intelliguntur
869 1286 1047 1380 potestatis
1073 1282 1301 1354 ecclesiasticae
1325 1298 1360 1354 et

231 1405 342 1474 civilis
364 1419 485 1473 mutua
506 1402 628 1472 relatio
650 1416 684 1470 et
706 1399 851 1486 limites,
871 1401 967 1468 vario
989 1398 1143 1470 modoet
1161 1398 1263 1466 variis
1280 1421 1359 1491 per·

231 1521 324 1590 sonis
347 1519 404 1614 jus
422 1516 507 1587 illud
532 1518 622 1588 circa
644 1515 816 1610 liturgiam
845 1513 1020 1584 tribuitur.
1050 1512 1263 1607 Exponenda
1278 1537 1359 1606 ergo

233 1649 315 1704 sunt
338 1634 433 1702 varia
451 1645 653 1726 systemata,
674 1655 743 1698 non
766 1644 899 1698 tantum
919 1628 1031 1723 quoad
1050 1629 1270 1723 quaestionem
1282 1653 1359 1722 spe·

233 1746 355 1818 cialcm
373 1747 506 1842 dejure
520 1748 556 1814 in
573 1745 766 1841 liturgiam,
783 1743 843 1814 sed
860 1746 963 1814 etiam
976 1744 1091 1839 quoad
1116 1741 1360 1839 generaliorem

233 1864 456 1957 quaestionem
473 1860 516 1930 de
538 1862 718 1954 utriusque
732 1861 919 1953 potestatis,
937 1858 1167 1930 ecclesiasticae
1181 1857 1309 1928 scilicet
1327 1873 1362 1926 ct

205 1971 209 1978 ¹
233 1977 359 2066 civilis,
375 1979 465 2046 circa
480 1975 679 2070 religionem
694 1991 729 2045 et
748 1974 879 2044 cultum
893 1990 1072 2044 externum
1084 1975 1234 2068 juribus.
1255 1973 1361 2064 Quod

235 2093 272 2160 in
293 2093 446 2186 sequenti
469 2093 620 2187 capitum
640 2089 727 2160 serie
744 2105 905 2185 praestare
923 2090 1138 2160 conabimur.

700 2338 847 2408 CAPUT
872 2340 901 2406 1.

235 2564 443 2612 sasamon
472 2563 770 2610 Pnornsrattrttm
793 2563 917 2624 Qttotn
946 2563 1182 2624 QUAESTIONEH
1203 2563 1361 2610 omnne-

376 2679 451 2726 LEM
472 2680 520 2725 DE
540 2679 733 2725 nomme
756 2678 1022 2727 Eccnnstasrtca
1037 2681 1080 2726 ΒΤ
1101 2679 1221 2727 etvtnt.

250 2923 253 2930 ¹
284 2891 424 2988 Triplex
445 2893 511 2962 hac
533 2891 633 2962 dere
657 2891 803 2962 invaluit
830 2892 922 2988 apud
943 2907 1168 2988 protestantes
1191 2907 1361 2988 systema:

238 3006 428 3104 episcopale
448 3032 581 3102 nempe,
594 3006 799 3076 territoriole
821 3023 855 3076 et
872 3005 1054 3103 collegiale.
1072 3012 1159 3099 Quae
1180 3011 1244 3080 tria
1261 3025 1364 3103 syste-

235 3139 328 3192 mata
350 3124 568 3192 consentiunt
596 3123 734 3216 quidem
767 3123 802 3191 in
830 3124 1012 3193 tribuendo
1039 3126 1184 3221 principi
1211 3123 1363 3195 saeculari

238 3235 449 3332 spiritualem
481 3233 582 3304 simul
607 3251 641 3305 et
665 3235 888 3332 temporalem
915 3252 1143 3333 potestatem
1165 3254 1201 3309 at
1231 3239 1365 3309 diversa

236 3375 278 3421 ex
298 3352 497 3439 ratione,et
509 3375 588 3420 cum
610 3349 750 3420 diversis
770 3350 848 3420 inde
868 3351 1021 3422 deductis
1038 3355 1266 3425 consectariis.

227 3499 231 3506 ⁴
287 3469 440 3561 Systcma
456 3466 672 3564 episcopale,
690 3467 783 3561 quod
802 3469 835 3535 in
850 3471 1033 3539 Germania
1051 3485 1182 3539 tantum
1203 3483 1364 3564 patronos

237 3581 376 3671 habuit,
395 3596 506 3651 totum
527 3583 651 3651 nititur
667 3598 745 3652 actu
765 3583 914 3676 quodam
931 3583 1122 3680 legislativo
1140 3585 1363 3681 imperatoris.

238 3699 341 3766 Auno
357 3695 485 3766 scilicet
507 3694 614 3782 1555,
637 3696 674 3765 in
688 3700 899 3794 Augustaois
918 3701 1083 3787 comitiis,
1102 3700 1145 3769 ab
1163 3701 1365 3794 imperatore

239 3811 431 3880 Germaniae
451 3809 557 3880 latum
581 3826 632 3880 est
660 3811 854 3903 decretum,
870 3840 940 3910 quo
965 3816 1013 3884 sic
1029 3816 1242 3885 statuebatur
1267 3840 1367 3910 para·

203 3983 206 3989 ,
239 3925 371 4020 grapho
391 3925 581 4019 vigesimo:

289 4069 307 4104 α
326 4039 404 4110 Alio
424 4042 515 4112 aussi
545 4067 611 4138 que
641 4042 690 4114 les
711 4044 801 4116 deux
823 4047 929 4139 partis
956 4043 1120 4141 religieux
1148 4041 1367 4115 sus-enonces

239 4183 256 4221 a
276 4155 340 4252 (les
356 4156 567 4254 catholiques
581 4177 614 4231 et
632 4159 681 4230 les
702 4162 871 4255 partisans
894 4160 936 4229 de
959 4159 991 4230 la
1011 4160 1202 4232 confession
1223 4158 1365 4254 d’Augs-

239 4300 256 4335 α
275 4270 408 4367 bourg)
429 4273 540 4343 soient
554 4289 588 4343 et
609 4275 807 4345 demcurent
825 4273 896 4344 l’un
914 4276 991 4371 pres
1009 4275 1051 4345 de
1068 4274 1187 4346 l’autre
1200 4275 1285 4345 dans
1299 4299 1367 4344 une

238 4413 257 4450 α
277 4387 356 4483 paix
370 4386 513 4460 durable
530 4402 565 4459 et
589 4413 631 4458 en
648 4388 762 4460 bonne
788 4386 947 4481 securim,
967 4389 991 4460 il
1011 4404 1062 4460 est
1080 4389 1198 4462 decide
1215 4414 1283 4486 que
1292 4391 1367 4486 jus-
