3018 5070
236 345 290 409 io
700 345 908 394 macrinus

241 469 393 562 potuerit
425 469 596 564 aliquibus
623 470 730 564 signis
759 495 818 540 sen
845 469 967 540 ritibus
996 466 1184 537 visibilibus
1208 468 1368 538 effectum

243 583 534 676 supernaturalem
549 601 787 677 permanenter
804 583 954 678 alligare.
979 585 1018 650 In
1035 607 1077 650 ea
1098 595 1212 652 autem
1228 581 1372 678 liturgia

230 711 342 794 ‘parte
358 721 433 791 qua
446 699 490 768 ad
509 699 756 770 institutionem
778 699 929 768 divinam
950 698 1091 767 omnino
1109 696 1284 766 referenda
1296 714 1369 786 est,

242 813 437 883 divinorum
472 815 717 884 divinissimum
750 817 870 884 merito
906 815 971 883 diei
1003 813 1089 884 solet
1118 827 1370 884 sacrosanctum

243 929 464 999 Eucharistiae
485 931 685 1000 sacrificium
705 946 740 1000 et
758 945 1027 1016 sacramentum
1048 927 1138 998 unde
1157 943 1191 996 at
1210 942 1371 1020 tanquam

242 1044 348 1112 totius
373 1042 518 1140 liturgia
542 1069 603 1113 eor
621 1060 657 1114 et
677 1060 834 1114 centrum
858 1043 1051 1114 babendum
1069 1056 1142 1128 est;
1161 1066 1223 1110 nec
1244 1042 1370 1110 mirum

243 1158 362 1251 primis
397 1158 551 1228 Ecclesia
586 1157 714 1228 saeculis
750 1158 900 1227 divinam
935 1158 1184 1227 Eucharistiam
1221 1139 1389 1253 liturgia

242 1273 385 1342 nomine
401 1275 668 1342 antonomastice
680 1274 783 1342 fuisse
796 1273 1018 1366 designatam.

292 1391 339 1456 At
358 1403 482 1482 prater
495 1402 782 1458 sacramentorum
804 1389 977 1456 materiam
993 1401 1029 1456 et
1042 1386 1206 1474 sormam,
1228 1384 1373 1478 reliquas

244 1503 294 1569 rei
318 1500 481 1596 liturgioae
503 1516 615 1596 partes
641 1502 798 1571 (liristus
825 1501 963 1594 reliquit
985 1499 1142 1571 Ecclesiae
1170 1497 1374 1568 ordinandas
1418 1481 1422 1494 ’

240 1594 351 1711 afilae
368 1617 634 1686 constituendas.
655 1619 686 1685 E
705 1617 829 1710 quibus
842 1615 995 1709 quadam
1009 1615 1051 1684 ab
1069 1612 1228 1708 apostolis
1241 1626 1375 1682 onustat

243 1729 349 1800 luisse
369 1733 497 1801 sancita
510 1745 545 1800 et
563 1733 598 1800 in
622 1731 897 1819 usum¹indoeta3
917 1729 982 1798 alia
997 1745 1109 1798 autem
1128 1729 1228 1798 variis
1242 1743 1372 1822 tempo·

242 1843 340 1913 ribus
357 1870 378 1915 a
395 1847 556 1915 Romanis
572 1846 814 1936 Pontificibus,
834 1843 1045 1934 conciliism,
1061 1843 1097 1911 in
1114 1857 1183 1912 tota
1205 1841 1371 1930 Eoclesie3

244 1958 411 2028 nonnulla
447 1961 549 2030 etiam
585 1961 628 2028 ab
658 1963 824 2056 episcopis
849 1958 1126 2054 religiosorumve
1158 1957 1303 2053 praelatis
1337 1957 1373 2026 in

242 2073 403 2166 subjectis
424 2075 488 2142 sibi
508 2075 708 2145 dioecesibus
727 2083 761 2145 e‘t
781 2075 917 2146 familiis
939 2075 993 2168 pie
1013 2089 1046 2142 et
1070 2085 1186 2146 sancte
1207 2075 1372 2142 instituta.

244 2189 347 2260 Unde
374 2190 647 2260 concludendum
676 2191 847 2288 liturgiam
877 2193 948 2260 esse
973 2189 1100 2286 partim
1129 2187 1172 2257 ad
1198 2187 1370 2274 divinam,

244 2304 368 2396 partim
386 2305 427 2372 ad
447 2304 703 2375 ecelesiasticam
724 2306 972 2374 institutionem
988 2302 1213 2372 referendam.

699 2543 849 2616 CAPUT
873 2549 917 2618 V.

245 2771 422 2818 ultonem
459 2772 669 2821 GA'I'EOHCA
695 2760 755 2820 liSll'
783 2773 830 2820 Ex
855 2773 1004 2821 danunt
1029 2773 1097 2820 ΒΗΑ
1122 2771 1374 2820 8ΔΝΟΤΙῈΙΟΑΝΒ

330 2888 374 2932 ΕΤ
399 2887 610 2936 PRAEPOTENS
636 2885 966 2936 sanctificabimus
991 2882 1291 2934 Insanumnutt.

301 3100 337 3161 1⁰
364 3094 429 3160 Per
442 3115 501 3162 eos
514 3092 600 3160 ritus
617 3086 741 3184 qiiibus
757 3092 830 3184 ipsa
846 3105 981 3162 constat
999 3103 1286 3160 sacramentorum
1299 3113 1372 3161 nu·

248 3206 329 3273 teria
349 3220 383 3273 et
400 3204 528 3292 forma,
546 3205 732 3275 sanctificat
750 3229 796 3274 ea
812 3229 915 3299 opere
932 3219 1098 3298 operato;
1117 3203 1221 3297 idque
1234 3203 1374 3274 manino

248 3332 378 3387 certum
395 3334 445 3387 est
467 3334 500 3387 et
518 3318 560 3388 de
579 3318 656 3388 fide.

298 3448 335 3503 2⁰
360 3435 494 3503 Coeteroe
516 3433 662 3528 liturgiae
688 3447 800 3528 partes
825 3434 897 3502 sive
928 3434 970 3502 ab
997 3431 1181 3528 apostolis,
1209 3434 1277 3502 sive
1298 3448 1375 3528 post

249 3547 420 3643 apostolos
454 3552 655 3619 auctoritate
690 3549 914 3620 ecelesiastica
951 3549 1100 3645 legitime
1131 3549 1291 3618 institutae
1323 3545 1376 3616 vel

248 3662 465 3756 approbata,
485 3664 569 3732 mira
590 3663 719 3757 pollent
735 3665 925 3758 aptitudine
947 3680 985 3734 ut
1003 3666 1155 3734 homines
1174 3663 1323 3732 excitent
1336 3684 1376 3730 ac

251 3775 433 3869 disponant
447 3775 489 3844 ad
503 3777 733 3871 recipiendum
746 3780 870 3850 divinae
886 3781 1000 3876 gratiae
1015 3781 1169 3851 imbrem.
1185 3781 1272 3847 Cum
1285 3777 1376 3846 enim

250 3915 288 3958 ea
317 3893 361 3959 sit
384 3892 531 3961 bominis
554 3908 675 3963 natura
702 3910 738 3964 ut
764 3897 899 3965 nonnisi
923 3919 983 3987 pei·
1002 3891 1145 3962 visibilia
1169 3906 1317 3961 mentem
1332 3890 1377 3960 ad

248 4013 431 4084 invisibilia
455 4015 582 4113 erigere
600 4017 725 4110 soleat,
742 4043 849 4114 eaque
867 4015 1034 4112 generalis
1052 4018 1119 4086 Dei
1135 4018 1171 4085 in
1188 4014 1377 4110 reparando

246 4143 285 4197 et
316 4130 359 4200 ad
392 4131 495 4202 finem
530 4134 821 4230 supernaturalem
846 4131 1056 4201 deducendo·
1073 4133 1223 4201 humano
1253 4152 1377 4224 genere

247 4249 459 4336 oeconomia,
483 4263 521 4318 ut
546 4273 608 4344 per
632 4247 841 4319 sensibilium
870 4271 983 4316 rerum
1009 4247 1119 4316 media
1147 4269 1218 4314 sese
1241 4244 1316 4338 ipse
1341 4243 1375 4311 in

244 4375 384 4434 mentes
406 4375 441 4431 et
458 4363 560 4432 corda
579 4362 756 4451 infundat,
775 4385 875 4430 nemo
897 4385 966 4430 non
986 4361 1077 4430 videt
1096 4383 1198 4454 quam
1221 4355 1378 4455 guimale
