2982 5072
221 367 289 413 120
675 373 883 420 retornus

216 494 318 564 tionis
335 510 369 564 ct
382 498 651 570 canonizationis
663 500 873 589 causas,sedi
894 497 1097 593 Apostoliee
1115 500 1149 567 in
1167 515 1335 592 posterum

217 625 403 682 reservatas
419 612 584 685 decernit.
603 614 761 686 Clemens
780 618 828 684 IV
851 615 1142 684 dominicanorum
1161 614 1336 708 liturgiam

217 725 263 792 ita
279 725 502 817 determinat,
522 744 558 798 ut
576 729 648 823 jam
674 731 710 798 in
746 729 839 799 nulla
866 756 903 798 re
925 732 1028 825 possit
1046 729 1174 822 absque
1190 730 1335 798 Romani

214 840 389 912 Pontifieis
415 845 618 914 auctoritate
644 844 829 914 immutari.
856 847 935 914 Orti
955 859 1030 938 post
1056 860 1212 914 sanctum
1228 847 1338 914 Fran·

215 956 341 1024 ciscum
348 958 511 1028 Assisium
521 958 755 1053 religiosorum
773 961 849 1029 nori
866 960 1005 1030 ordines
1018 963 1180 1028 Romanae
1193 959 1338 1054 liturgim

216 1071 464 1164 mancipantur.
485 1075 631 1144 Sanctus
648 1074 729 1142 Pius
743 1077 775 1142 V
797 1073 978 1142 universali
990 1070 1064 1166 lege
1074 1073 1256 1142 reformato
1269 1097 1289 1141 a
1303 1097 1340 1140 se

217 1184 341 1255 missali
359 1201 393 1255 et
412 1187 581 1258 breviario
609 1189 695 1257 ritus
719 1186 817 1258 latini
846 1185 1002 1259 eeclesias
1021 1188 1153 1282 (paucis
1176 1188 1338 1281 exeeptis)

216 1301 364 1396 subjicit.
383 1302 532 1372 Similem
550 1319 667 1398 postca
689 1302 799 1399 legem
813 1329 1022 1374 successores
1035 1304 1108 1397 ejus
1123 1303 1236 1396 quoad
1254 1327 1340 1397 pou·

219 1414 353 1506 tisreale,
363 1419 605 1507 caeremoniale,
613 1418 735 1488 rituale
747 1418 1341 1515 etmartyrologinmedicunt3atque

217 1531 317 1600 simul
348 1558 426 1603 snas
454 1534 678 1606 orientalibus
704 1533 852 1604 ecclesiis
880 1535 1054 1628 liturgias,
1073 1534 1142 1626 jam
1175 1558 1197 1602 a
1225 1531 1339 1618 nullo,

216 1665 340 1744 praeter
367 1650 454 1720 sedis
474 1649 674 1746 Apostolieas
703 1651 861 1736 reniam,
889 1649 1116 1718 immutandas
1142 1649 1338 1741 imponunt.

216 1767 260 1833 Et
277 1766 412 1834 tandem
428 1768 586 1836 instituta
603 1781 653 1835 est
674 1791 770 1836 sacra
786 1768 926 1836 Ritunm
938 1766 1167 1859 congregatio
1180 1788 1257 1832 cnm
1277 1787 1341 1856 po·

217 1893 337 1949 testate
360 1880 533 1950 ordinaria
551 1883 585 1950 in
611 1895 724 1950 totum
747 1881 864 1950 orbern
890 1881 934 1949 ad
959 1877 1121 1950 solvenda
1149 1878 1271 1966 dubia,
1298 1877 1341 1945 ad

218 1993 385 2066 tollendos
404 1998 552 2083 abusus,
571 2011 674 2090 atque
701 1995 744 2067 ad
768 1994 950 2064 sancienda
969 1996 1085 2064 omnia
1111 1993 1269 2086 quaesibi
1296 1992 1341 2062 ad

218 2137 290 2181 rem
305 2109 495 2206 liturgicam
517 2126 712 2206 opportuna
729 2109 950 2180 ridebuntur.

265 2231 359 2320 Ergo
375 2252 492 2298 revera
513 2226 609 2296 seiles
623 2224 817 2321 Apostoliea
837 2250 1031 2320 supremam
1045 2223 1133 2318 juris
1148 2223 1191 2292 de
1204 2221 1341 2316 liturgia

218 2341 357 2412 dicundi
386 2349 587 2436 potestatem
613 2342 679 2412 sibi
707 2341 864 2411 attribuit
886 2355 921 2410 et
946 2340 1108 2410 exercuit.
1133 2341 1220 2428 Quae
1244 2339 1274 2406 si
1299 2337 1343 2406 ad

218 2457 325 2550 ipsam
343 2481 456 2526 revera
477 2481 546 2526 uon
570 2458 773 2550 pertineret,
794 2481 855 2550 per
872 2471 978 2527 totam
997 2455 1196 2526 secutorum
1222 2454 1340 2522 seriem

219 2573 342 2638 erroris
374 2572 673 2665 usurpationisque
699 2585 733 2640 et
754 2571 929 2664 injustitiae
954 2571 1028 2642 labe
1055 2570 1214 2640 loedatam
1239 2569 1342 2638 fuisse

219 2689 407 2756 Romanam
430 2685 615 2756 Ecclesiam
643 2687 825 2756 dicendum
850 2687 951 2756 foret.
967 2687 1072 2775 Quod
1090 2711 1169 2756 cum
1193 2708 1344 2754 numere

219 2800 314 2870 nefas
330 2802 395 2886 sit,
409 2798 683 2870 concludendum
700 2827 745 2870 ex
763 2799 922 2872 Ecclesiae
942 2807 1038 2898 praxi
1057 2802 1127 2872 sedi
1145 2798 1344 2895 Apostolieae

218 2939 336 2984 revera
356 2915 520 2986 vindicari
535 2941 732 3010 supremum
745 2916 803 3009 jus
824 2916 1033 3012 liturgicum.

668 3169 817 3238 CAPUT
843 3171 889 3237 ll.
989 3241 993 3248 ,

218 3394 412 3443 ΕΠΡΒΕΜΙΙΜ
439 3395 499 3444 JUS
523 3395 751 3442 Ltwttetcutt
776 3395 851 3442 NON
876 3395 1050 3442 Petrina?
1079 3395 1129 3442 AD
1159 3393 1345 3442 nutriret·

268 3509 397 3569 ntuetr,
415 3511 454 3556 lt)
479 3511 550 3571 EST,
569 3511 616 3558 An
640 3510 916 3558 conuerterint
935 3509 1168 3556 HEUBRORUH
1194 3506 1343 3557 OMNIUM

268 3624 477 3672 cutustntter
520 3623 708 3689 moenem,
740 3627 787 3672 ur
825 3625 938 3672 uum
975 3623 1243 3673 recursuum
1280 3625 1343 3670 ΤΕ·

268 3738 451 3786 nuceum.

268 3947 342 4014 lam
364 3945 444 4014 satis
456 3933 652 4016 confutatus
671 3960 857 4016 remaneret
877 3969 975 4016 error
990 3944 1048 4014 ille
1065 3969 1108 4014 ex
1121 3945 1220 4014 dictis
1235 3945 1270 4012 in
1287 3969 1345 4012 su·

222 4061 346 4154 periori
370 4062 505 4156 capite:
524 4061 552 4130 si
575 4063 664 4130 enirn
691 4086 850 4156 suprema
867 4060 956 4153 juris
973 4061 1018 4130 de
1044 4059 1184 4155 liturgia
1204 4059 1343 4130 dicundi

221 4189 370 4270 potestas
381 4175 424 4244 ad
434 4179 625 4246 Romanum
635 4177 848 4262 Pontificem,
862 4177 990 4246 Christi
1010 4178 1155 4247 interris
1169 4177 1343 4256 ricarium,

221 4291 399 4384 pertineat,
414 4292 564 4386 prolecto
592 4291 836 4386 sequiturillnd
845 4290 889 4362 ad
898 4291 1108 4387 singularum
1126 4291 1342 4362 ecclesiarum

221 4406 475 4476 multitudinem
494 4409 661 4504 pertinere
680 4433 750 4476 uon
769 4432 876 4502 posse.
889 4410 957 4476 Pro
973 4408 1022 4476 rei
1035 4422 1153 4478 tamen
1164 4407 1345 4500 gravitate,
