2982 5072
479 385 527 431 ne
550 383 638 433 suun
663 385 870 435 urrunorco.
1191 363 1238 438 85

101 523 257 580 mentum
270 503 464 601 reipublicae
477 505 608 578 aflerat.
623 507 708 578 Inde
721 534 803 580 vero
819 507 935 580 nullus
948 507 1128 582 concludet
1142 535 1239 607 posse

104 650 126 695 a
144 622 300 720 principe
330 621 467 692 decerni
494 621 537 692 de
555 622 695 717 privatis
722 623 926 694 familiarum
957 628 1119 722 negotiis3
1145 628 1239 697 verbi

104 739 228 832 gratia,
247 751 331 831 quot
348 737 492 831 quisque
509 761 622 805 servos
643 736 779 825 babere,
792 739 915 833 quibus
935 739 1021 810 cibis
1032 740 1097 829 uti,
1114 755 1149 810 et
1160 744 1239 836 qui-

104 855 168 924 bus
184 853 360 923 laboribus
374 877 580 947 unaquaque
602 851 669 921 diei
686 852 772 922 hora
788 879 906 924 vacare
923 853 1055 925 debeat.
1074 855 1239 926 Confuta-

106 983 164 1038 tur
192 982 353 1038 autema
387 966 591 1039 Mosheituio
623 967 792 1038 Boehmeri
818 984 966 1064 systema
1000 971 1101 1040 variis
1136 974 1240 1042 ratio·

105 1083 207 1153 uibus
226 1107 311 1177 quas
336 1083 384 1152 sic
397 1082 578 1153 summavit
596 1081 757 1153 Zallwein
771 1109 780 1154 ε
796 1113 813 1150 ιι
827 1087 867 1153 ln
882 1109 924 1153 eo
964 1099 1056 1154 totus
1091 1102 1242 1178 quantus

109 1229 127 1265 ιι
146 1199 428 1270 estMoslteimius
440 1213 479 1268 ut
492 1199 701 1270 demonstret
709 1199 803 1295 quod
820 1199 974 1270 doctrina
988 1201 1155 1272 Boebmeri
1159 1203 1239 1297 jura

109 1343 127 1378 ιι
144 1313 477 1401 omniaeoulundat,
496 1312 653 1384 Ecclesiae
686 1339 748 1383 suu
782 1315 860 1408 jura
883 1314 1094 1411 originaliter
1107 1341 1147 1386 ex
1161 1313 1240 1412 jure

109 1459 127 1496 ι
146 1445 280 1501 naturae
304 1429 421 1500 saltem
452 1429 673 1525 hypothetico
697 1433 924 1526 competentia
945 1433 1132 1523 subvertat,
1148 1433 1241 1528 ipsos

109 1543 263 1614 elideles
289 1543 323 1613 in
348 1544 575 1639 turpissimam
606 1547 803 1615 servitutem
832 1547 977 1641 redigat,
999 1547 1239 1643 despotismum

109 1660 307 1750 «inducat,
332 1674 366 1728 et
388 1660 591 1730 christianos
619 1659 766 1730 dominis
792 1661 1049 1733 territorialibus
1071 1662 1241 1758 despotice

109 1776 317 1870 «subjectos
344 1775 457 1846 faeiat.
488 1778 608 1866 Quum
633 1777 723 1846 enim
756 1801 797 1846 ex
824 1777 978 1849 doctrina
1007 1780 1240 1851 Boehmeriana

110 1921 126 1957 ιι
145 1887 299 1962 Ecclesia
318 1891 361 1959 sit
378 1887 558 1984 collegium
577 1890 753 1960 bominum
772 1892 808 1960 iu
824 1893 943 1962 ordine
968 1892 1012 1960 ad
1035 1892 1165 1963 cultum
1186 1893 1242 1963 di·

110 2034 127 2072 ι
146 2006 268 2076 viuum
288 2005 352 2074 rite
370 2019 405 2074 et
419 2003 577 2074 decenter
591 2005 822 2100 peragendum
845 2022 1144 2103 congregatorum,
1157 2021 1191 2078 et
1205 2010 1241 2078 in

109 2121 266 2192 «eadem
288 2119 441 2190 doctrina
460 2120 755 2214 participantium,
783 2145 862 2191 sane
887 2122 959 2190 haec
986 2122 1126 2191 societas
1147 2147 1241 2196 sacra

108 2267 125 2304 ι
147 2235 314 2308 adinstar
333 2235 478 2306 aliorum
497 2235 717 2330 collegiorum
734 2233 837 2306 habet
852 2261 912 2306 sua
929 2236 1022 2332 jura,
1045 2236 1148 2306 habet
1163 2261 1241 2308 suas

107 2383 125 2421 ι
144 2353 331 2440 libertates,
348 2366 420 2421 tum
442 2375 484 2420 ex
501 2351 580 2446 jure
604 2366 748 2439 uaturae,
765 2366 839 2422 tum
858 2377 900 2422 ex
923 2352 1083 2448 primaeva
1102 2350 1241 2422 institu-

108 2499 125 2536 ι
144 2473 253 2557 tione,
267 2481 327 2540 aut
341 2468 448 2564 pactis
463 2465 568 2537 libero
580 2466 673 2536 initis
685 2467 748 2536 sibi
761 2468 973 2562 proprius,in
988 2491 1132 2563 quarum
1147 2491 1241 2538 exer·

108 2615 125 2652 ιι
143 2588 228 2657 citio
245 2583 337 2656 haud
355 2608 449 2654 secus
472 2607 574 2678 quam
590 2579 717 2652 subditi
732 2583 767 2650 in
784 2581 993 2678 particulari,
1007 2583 1035 2652 si
1054 2583 1123 2652 suis
1135 2579 1240 2652 libera

107 2729 124 2766 ι
146 2701 274 2772 tatibus
284 2711 317 2770 et
323 2698 458 2794 juribus
470 2699 627 2785 innocue,
636 2701 709 2768 sine
724 2697 934 2792 prejudicio,
949 2698 1021 2768 sine
1034 2695 1241 2769 nocumento

108 2843 125 2884 ι
145 2814 342 2912 reipublieae
362 2830 513 2903 utantur,
532 2813 686 2909 impediri
702 2839 771 2882 non
788 2827 909 2909 potest,
936 2813 1002 2882 nisi
1032 2813 1147 2884 omnia
1160 2813 1240 2908 jura

107 2933 357 3020 «subvertere,
390 2927 492 2999 iidem
521 2943 699 3024 pactorum
729 2929 962 3019 exterminare,
992 2928 1239 3024 despotismum

106 3075 125 3114 ιι
142 3047 330 3133 inducere,
359 3045 504 3115 ferream
532 3044 728 3112 servitutem
761 3041 957 3111 hominibus
980 3043 1168 3136 imponere,
1205 3055 1241 3110 et

108 3191 125 3230 ι
145 3161 315 3258 quidquid
328 3161 366 3230 in
384 3160 483 3230 omni
503 3159 662 3228 societate
675 3181 807 3226 sacrum
825 3173 860 3226 et
875 3169 1030 3227 sanctum
1051 3170 1102 3227 est
1121 3154 1240 3226 tollere

108 3307 124 3344 ιι
145 3278 305 3348 velimus.
320 3274 468 3350 Namad
481 3288 637 3344 naturam
650 3269 872 3367 collegiorum
885 3273 916 3342 si
934 3273 1165 3366 respiciamus,
1187 3272 1239 3340 bae

108 3419 125 3462 ι
146 3409 229 3464 suut
256 3406 359 3462 ccrtae
374 3392 565 3477 societates,
587 3389 621 3457 in
649 3389 775 3484 quibus
798 3388 880 3457 socii
899 3401 1028 3456 certrun
1049 3388 1112 3454 sibi
1132 3386 1238 3455 linem

106 3509 339 3607 upraeligunt,
361 3522 396 3577 et
411 3508 455 3577 ad
471 3508 564 3577 hunc
589 3503 691 3574 finem
716 3501 849 3571 facilius
879 3500 1153 3595 consequendum
1174 3501 1238 3572 sub

107 3650 127 3691 ιι
146 3627 250 3696 certis
274 3621 526 3694 conditionibus
552 3635 587 3690 et
610 3619 717 3716 pactis
743 3643 779 3688 se
800 3615 996 3712 reipublicae
1020 3616 1238 3708 submittunt,

106 3769 125 3807 ιι
146 3740 307 3834 illiusque
326 3739 570 3825 adsistentium,
591 3733 731 3806 tutelam
744 3748 779 3804 ct
799 3732 1027 3803 defensionem
1042 3733 1108 3802 sibi
1130 3733 1239 3828 stipu⁴

107 3883 124 3920 ι
147 3854 279 3943 lautur;
292 3879 331 3925 ea
342 3867 457 3924 tamen
475 3852 550 3948 lege
568 3865 608 3921 ut
625 3849 689 3944 ipsi
707 3849 934 3919 determinare
946 3863 981 3918 et
1000 3847 1140 3943 seligere
1159 3872 1240 3943 pos-·

107 3972 217 4041 esint
235 3969 345 4040 media
372 3968 416 4038 ad
440 3991 539 4038 suum
562 3965 666 4036 finem
686 3966 944 4060 opportuniora,
970 3963 1053 4058 quin
1081 3964 1238 4060 princeps

107 4113 125 4152 ιι
146 4086 230 4180 ipsis
246 4084 359 4154 invitis
379 4082 442 4156 alia
465 4081 649 4152 obtrudere
677 4077 803 4168 valeat,
828 4079 892 4148 uisi
923 4076 1012 4149 salus
1042 4077 1237 4173 reipublicae

106 4231 125 4267 ιι
147 4202 274 4297 exigat,
296 4214 333 4270 et
348 4198 429 4270 inde
451 4210 697 4268 nocumentum
722 4195 759 4265 iu
785 4192 1030 4289 rempublicam
1056 4192 1236 4263 redundet.

107 4345 127 4383 ιι
145 4321 257 4387 Porro
274 4331 387 4386 autem
402 4339 509 4410 quum
522 4313 598 4382 linis
612 4312 781 4383 societatis
795 4335 897 4380 sacrae
916 4311 958 4380 sit
973 4306 1085 4380 cultus
1101 4307 1236 4376 divinus

105 4451 127 4499 ιι·
148 4447 181 4503 et
199 4433 291 4504 salus
308 4430 477 4520 Ecclesia,
500 4431 690 4501 necessario
707 4429 928 4523 consequitur
949 4425 1043 4522 quod
1064 4422 1106 4494 ad
1119 4421 1238 4492 Eccle⁴
