<?xml version="1.0" encoding="UTF-8"?>
<!DOCTYPE html PUBLIC "-//W3C//DTD XHTML 1.0 Transitional//EN"
    "http://www.w3.org/TR/xhtml1/DTD/xhtml1-transitional.dtd">
<html xmlns="http://www.w3.org/1999/xhtml" xml:lang="en" lang="en">
 <head>
  <title>
</title>
<meta http-equiv="Content-Type" content="text/html;charset=utf-8" />
  <meta name='ocr-system' content='tesseract 3.04.00' />
  <meta name='ocr-capabilities' content='ocr_page ocr_carea ocr_par ocr_line ocrx_word'/>
</head>
<body>
  <div class='ocr_page' id='page_1' title='image "./tractatusdejure00bouigoog_0130.png"; bbox 0 0 2982 5072; ppageno 0'>
   <div class='ocr_carea' id='block_1_1' title="bbox 500 373 1255 447">
    <p class='ocr_par' dir='ltr' id='par_1_1' title="bbox 500 373 1255 447">
     <span class='ocr_line' id='line_1_1' title="bbox 500 373 1255 447; baseline 0.003 -28"><span class='ocrx_word' id='word_1_1' title='bbox 500 375 546 419; x_wconf 86' lang='lat' dir='ltr'><strong>DE</strong></span> <span class='ocrx_word' id='word_1_2' title='bbox 570 373 654 422; x_wconf 78' lang='lat' dir='ltr'><strong>Jttnu</strong></span> <span class='ocrx_word' id='word_1_3' title='bbox 680 373 885 422; x_wconf 78' lang='lat' dir='ltr'><strong>LtTunGtcO.</strong></span> <span class='ocrx_word' id='word_1_4' title='bbox 1188 375 1255 447; x_wconf 78' lang='lat'><strong>117</strong></span> 
     </span>
    </p>
   </div>
   <div class='ocr_carea' id='block_1_2' title="bbox 79 496 1341 4518">
    <p class='ocr_par' dir='ltr' id='par_1_2' title="bbox 124 496 1341 824">
     <span class='ocr_line' id='line_1_2' title="bbox 127 496 1256 594; baseline 0.003 -28"><span class='ocrx_word' id='word_1_5' title='bbox 127 497 219 592; x_wconf 84' lang='lat' dir='ltr'><strong>giam</strong></span> <span class='ocrx_word' id='word_1_6' title='bbox 230 496 474 570; x_wconf 86' lang='lat' dir='ltr'><strong>ordinationes.</strong></span> <span class='ocrx_word' id='word_1_7' title='bbox 499 503 538 570; x_wconf 87' lang='lat' dir='ltr'><strong>In</strong></span> <span class='ocrx_word' id='word_1_8' title='bbox 556 525 615 570; x_wconf 90' lang='lat' dir='ltr'><strong>sua</strong></span> <span class='ocrx_word' id='word_1_9' title='bbox 634 500 677 570; x_wconf 91' lang='lat' dir='ltr'><strong>ad</strong></span> <span class='ocrx_word' id='word_1_10' title='bbox 692 515 846 572; x_wconf 85' lang='lat' dir='ltr'><strong>sanctum</strong></span> <span class='ocrx_word' id='word_1_11' title='bbox 864 499 1058 572; x_wconf 68' lang='lat' dir='ltr'><strong>leandrum</strong></span> <span class='ocrx_word' id='word_1_12' title='bbox 1074 499 1256 594; x_wconf 87' lang='lat' dir='ltr'><strong>Hispalen-</strong></span> 
     </span>
     <span class='ocr_line' id='line_1_3' title="bbox 125 611 1256 709; baseline 0.001 -27"><span class='ocrx_word' id='word_1_13' title='bbox 125 637 197 682; x_wconf 89' lang='lat' dir='ltr'><strong>sem</strong></span> <span class='ocrx_word' id='word_1_14' title='bbox 216 611 422 708; x_wconf 82' lang='lat' dir='ltr'><strong>Episcopum</strong></span> <span class='ocrx_word' id='word_1_15' title='bbox 436 613 579 707; x_wconf 86' lang='lat' dir='ltr'><strong>epistola</strong></span> <span class='ocrx_word' id='word_1_16' title='bbox 600 613 953 708; x_wconf 66' lang='lat' dir='ltr'><strong>(edit.ntigne‚t.·111‚</strong></span> <span class='ocrx_word' id='word_1_17' title='bbox 968 640 1003 708; x_wconf 88' lang='lat' dir='ltr'><strong>p.</strong></span> <span class='ocrx_word' id='word_1_18' title='bbox 1020 612 1121 709; x_wconf 71' lang='grc'>496),</span> <span class='ocrx_word' id='word_1_19' title='bbox 1132 638 1256 708; x_wconf 87' lang='lat' dir='ltr'><strong>appro-</strong></span> 
     </span>
     <span class='ocr_line' id='line_1_4' title="bbox 124 727 1341 824; baseline 0.002 -28"><span class='ocrx_word' id='word_1_20' title='bbox 124 727 185 799; x_wconf 89' lang='lat' dir='ltr'><strong>bat</strong></span> <span class='ocrx_word' id='word_1_21' title='bbox 209 729 344 798; x_wconf 85' lang='lat' dir='ltr'><strong>unicam</strong></span> <span class='ocrx_word' id='word_1_22' title='bbox 368 730 402 797; x_wconf 87' lang='lat' dir='ltr'><strong>in</strong></span> <span class='ocrx_word' id='word_1_23' title='bbox 424 730 587 824; x_wconf 75' lang='lat' dir='ltr'>Hispania</span> <span class='ocrx_word' id='word_1_24' title='bbox 613 728 687 800; x_wconf 86' lang='lat' dir='ltr'><strong>fieri</strong></span> <span class='ocrx_word' id='word_1_25' title='bbox 714 728 948 824; x_wconf 77' lang='lat' dir='ltr'>baptismalem</span> <span class='ocrx_word' id='word_1_26' title='bbox 978 730 1252 802; x_wconf 77' lang='lat' dir='ltr'><strong>immersionem:</strong></span> <span class='ocrx_word' id='word_1_27' title='bbox 1338 759 1341 764; x_wconf 94' lang='lat'>·</span> 
     </span>
    </p>

    <p class='ocr_par' dir='ltr' id='par_1_3' title="bbox 79 843 1257 1399">
     <span class='ocr_line' id='line_1_5' title="bbox 176 843 1257 942; baseline 0.004 -34"><span class='ocrx_word' id='word_1_28' title='bbox 176 873 195 908; x_wconf 78' lang='grc' dir='ltr'><em>α</em></span> <span class='ocrx_word' id='word_1_29' title='bbox 209 847 263 912; x_wconf 87' lang='lat' dir='ltr'><strong>De</strong></span> <span class='ocrx_word' id='word_1_30' title='bbox 279 845 369 915; x_wconf 86' lang='lat' dir='ltr'><strong>trina</strong></span> <span class='ocrx_word' id='word_1_31' title='bbox 384 869 464 914; x_wconf 81' lang='lat' dir='ltr'><strong>vero</strong></span> <span class='ocrx_word' id='word_1_32' title='bbox 487 845 655 916; x_wconf 73' lang='lat' dir='ltr'><strong>mersione</strong></span> <span class='ocrx_word' id='word_1_33' title='bbox 670 845 899 942; x_wconf 88' lang='lat' dir='ltr'><strong>baptismatis,</strong></span> <span class='ocrx_word' id='word_1_34' title='bbox 916 843 963 923; x_wconf 85' lang='lat' dir='ltr'><strong>nil</strong></span> <span class='ocrx_word' id='word_1_35' title='bbox 983 844 1177 940; x_wconf 85' lang='lat' dir='ltr'><strong>responderi</strong></span> <span class='ocrx_word' id='word_1_36' title='bbox 1199 869 1257 913; x_wconf 87' lang='lat' dir='ltr'><strong>ve·</strong></span> 
     </span>
     <span class='ocr_line' id='line_1_6' title="bbox 126 958 1256 1055; baseline 0.003 -31"><span class='ocrx_word' id='word_1_37' title='bbox 126 989 143 1024; x_wconf 74' lang='lat' dir='ltr'><strong>e</strong></span> <span class='ocrx_word' id='word_1_38' title='bbox 157 961 231 1028; x_wconf 86' lang='lat' dir='ltr'><strong>rius</strong></span> <span class='ocrx_word' id='word_1_39' title='bbox 243 973 359 1053; x_wconf 80' lang='lat' dir='ltr'><strong>&#39;potest</strong></span> <span class='ocrx_word' id='word_1_40' title='bbox 376 985 477 1054; x_wconf 80' lang='lat' dir='ltr'><strong>quam</strong></span> <span class='ocrx_word' id='word_1_41' title='bbox 492 963 556 1055; x_wconf 85' lang='lat' dir='ltr'><strong>ipsi</strong></span> <span class='ocrx_word' id='word_1_42' title='bbox 576 961 745 1042; x_wconf 87' lang='lat' dir='ltr'><strong>sensistis,</strong></span> <span class='ocrx_word' id='word_1_43' title='bbox 767 962 848 1054; x_wconf 90' lang='lat' dir='ltr'><strong>qnia</strong></span> <span class='ocrx_word' id='word_1_44' title='bbox 869 962 903 1028; x_wconf 87' lang='lat' dir='ltr'><strong>in</strong></span> <span class='ocrx_word' id='word_1_45' title='bbox 927 984 995 1030; x_wconf 87' lang='lat' dir='ltr'><strong>una</strong></span> <span class='ocrx_word' id='word_1_46' title='bbox 1018 960 1084 1030; x_wconf 84' lang='lat' dir='ltr'><strong>fido</strong></span> <span class='ocrx_word' id='word_1_47' title='bbox 1100 958 1184 1032; x_wconf 86' lang='lat' dir='ltr'><strong>nihil</strong></span> <span class='ocrx_word' id='word_1_48' title='bbox 1201 959 1256 1028; x_wconf 84' lang='lat' dir='ltr'><strong>of·</strong></span> 
     </span>
     <span class='ocr_line' id='line_1_7' title="bbox 79 1074 1255 1167; baseline 0 -25"><span class='ocrx_word' id='word_1_49' title='bbox 79 1137 82 1142; x_wconf 87' lang='lat'><em>.</em></span> <span class='ocrx_word' id='word_1_50' title='bbox 126 1074 230 1144; x_wconf 73' lang='lat' dir='ltr'><strong>«ficit</strong></span> <span class='ocrx_word' id='word_1_51' title='bbox 247 1091 372 1146; x_wconf 84' lang='lat' dir='ltr'><strong>sauctae</strong></span> <span class='ocrx_word' id='word_1_52' title='bbox 390 1075 546 1146; x_wconf 80' lang='lat' dir='ltr'><strong>Ecclesiae</strong></span> <span class='ocrx_word' id='word_1_53' title='bbox 564 1075 774 1146; x_wconf 88' lang='lat' dir='ltr'><strong>consuetudo</strong></span> <span class='ocrx_word' id='word_1_54' title='bbox 791 1075 976 1146; x_wconf 86' lang='lat' dir='ltr'><strong>diversa...·.</strong></span> <span class='ocrx_word' id='word_1_55' title='bbox 991 1074 1048 1144; x_wconf 85' lang='lat' dir='ltr'><strong>sed</strong></span> <span class='ocrx_word' id='word_1_56' title='bbox 1068 1077 1146 1167; x_wconf 85' lang='lat' dir='ltr'><strong>quis</strong></span> <span class='ocrx_word' id='word_1_57' title='bbox 1164 1099 1255 1144; x_wconf 88' lang='lat' dir='ltr'><strong>nunc</strong></span> 
     </span>
     <span class='ocr_line' id='line_1_8' title="bbox 125 1188 1257 1284; baseline 0.004 -32"><span class='ocrx_word' id='word_1_58' title='bbox 125 1219 142 1252; x_wconf 78' lang='lat' dir='ltr'><strong>e</strong></span> <span class='ocrx_word' id='word_1_59' title='bbox 158 1215 270 1284; x_wconf 88' lang='lat' dir='ltr'><strong>usqne</strong></span> <span class='ocrx_word' id='word_1_60' title='bbox 285 1190 328 1258; x_wconf 86' lang='lat' dir='ltr'><strong>ab</strong></span> <span class='ocrx_word' id='word_1_61' title='bbox 339 1189 506 1262; x_wconf 75' lang='lat' dir='ltr'><strong>hereticis</strong></span> <span class='ocrx_word' id='word_1_62' title='bbox 520 1191 632 1262; x_wconf 78' lang='lat' dir='ltr'><strong>iulans</strong></span> <span class='ocrx_word' id='word_1_63' title='bbox 653 1191 687 1260; x_wconf 92' lang='lat' dir='ltr'><strong>in</strong></span> <span class='ocrx_word' id='word_1_64' title='bbox 702 1190 903 1284; x_wconf 86' lang='lat' dir='ltr'><strong>baptismate</strong></span> <span class='ocrx_word' id='word_1_65' title='bbox 914 1189 1015 1258; x_wconf 88' lang='lat' dir='ltr'><strong>tertio</strong></span> <span class='ocrx_word' id='word_1_66' title='bbox 1029 1188 1257 1282; x_wconf 75' lang='lat' dir='ltr'><strong>mergebatur,</strong></span> 
     </span>
     <span class='ocr_line' id='line_1_9' title="bbox 124 1304 898 1399; baseline 0.001 -31"><span class='ocrx_word' id='word_1_67' title='bbox 124 1334 141 1368; x_wconf 71' lang='lat' dir='ltr'><strong>a</strong></span> <span class='ocrx_word' id='word_1_68' title='bbox 157 1304 312 1374; x_wconf 84' lang='lat' dir='ltr'><strong>fiendum</strong></span> <span class='ocrx_word' id='word_1_69' title='bbox 331 1306 423 1399; x_wconf 89' lang='lat' dir='ltr'><strong>apud</strong></span> <span class='ocrx_word' id='word_1_70' title='bbox 438 1331 497 1376; x_wconf 86' lang='lat' dir='ltr'><strong>vos</strong></span> <span class='ocrx_word' id='word_1_71' title='bbox 511 1331 583 1376; x_wconf 87' lang='lat' dir='ltr'><strong>csse</strong></span> <span class='ocrx_word' id='word_1_72' title='bbox 604 1331 673 1376; x_wconf 89' lang='lat' dir='ltr'><strong>non</strong></span> <span class='ocrx_word' id='word_1_73' title='bbox 684 1329 849 1376; x_wconf 85' lang='lat' dir='ltr'><strong>censeo...</strong></span> <span class='ocrx_word' id='word_1_74' title='bbox 862 1335 880 1370; x_wconf 77' lang='lat' dir='ltr'><strong>s</strong></span> <span class='ocrx_word' id='word_1_75' title='bbox 895 1365 898 1370; x_wconf 86' lang='lat'>.</span> 
     </span>
    </p>

    <p class='ocr_par' dir='ltr' id='par_1_4' title="bbox 92 1420 1319 3017">
     <span class='ocr_line' id='line_1_10' title="bbox 174 1420 1254 1515; baseline -0.004 -25"><span class='ocrx_word' id='word_1_76' title='bbox 174 1421 350 1514; x_wconf 85' lang='lat' dir='ltr'><strong>Praecipue</strong></span> <span class='ocrx_word' id='word_1_77' title='bbox 366 1446 446 1492; x_wconf 85' lang='lat' dir='ltr'><strong>vcro</strong></span> <span class='ocrx_word' id='word_1_78' title='bbox 458 1423 648 1492; x_wconf 77' lang='lat' dir='ltr'><strong>attentione</strong></span> <span class='ocrx_word' id='word_1_79' title='bbox 667 1421 809 1515; x_wconf 82' lang='lat' dir='ltr'><strong>dignum</strong></span> <span class='ocrx_word' id='word_1_80' title='bbox 826 1420 934 1488; x_wconf 87' lang='lat' dir='ltr'><strong>sancti</strong></span> <span class='ocrx_word' id='word_1_81' title='bbox 956 1420 1113 1514; x_wconf 74' lang='lat' dir='ltr'><strong>Gregorii</strong></span> <span class='ocrx_word' id='word_1_82' title='bbox 1134 1420 1254 1512; x_wconf 83' lang='lat' dir='ltr'><strong>Magni</strong></span> 
     </span>
     <span class='ocr_line' id='line_1_11' title="bbox 127 1535 1255 1632; baseline 0.001 -29"><span class='ocrx_word' id='word_1_83' title='bbox 127 1537 350 1630; x_wconf 85' lang='lat' dir='ltr'><strong>rescriptum,</strong></span> <span class='ocrx_word' id='word_1_84' title='bbox 374 1561 443 1630; x_wconf 88' lang='lat' dir='ltr'><strong>quo</strong></span> <span class='ocrx_word' id='word_1_85' title='bbox 464 1538 643 1632; x_wconf 87' lang='lat' dir='ltr'><strong>praecipuis</strong></span> <span class='ocrx_word' id='word_1_86' title='bbox 661 1537 808 1608; x_wconf 85' lang='lat' dir='ltr'><strong>ecclesiae</strong></span> <span class='ocrx_word' id='word_1_87' title='bbox 823 1536 1088 1608; x_wconf 85' lang='lat' dir='ltr'><strong>Ravennatensis</strong></span> <span class='ocrx_word' id='word_1_88' title='bbox 1102 1535 1255 1604; x_wconf 87' lang='lat' dir='ltr'><strong>diaconi·</strong></span> 
     </span>
     <span class='ocr_line' id='line_1_12' title="bbox 125 1649 1256 1750; baseline -0.002 -30"><span class='ocrx_word' id='word_1_89' title='bbox 125 1653 188 1720; x_wconf 93' lang='lat' dir='ltr'><strong>bus</strong></span> <span class='ocrx_word' id='word_1_90' title='bbox 208 1677 307 1722; x_wconf 89' lang='lat' dir='ltr'><strong>usum</strong></span> <span class='ocrx_word' id='word_1_91' title='bbox 330 1652 497 1750; x_wconf 81' lang='lat' dir='ltr'><strong>mappuloe</strong></span> <span class='ocrx_word' id='word_1_92' title='bbox 514 1654 711 1748; x_wconf 86' lang='lat' dir='ltr'><strong>permittit,-</strong></span> <span class='ocrx_word' id='word_1_93' title='bbox 728 1652 859 1722; x_wconf 74' lang='lat' dir='ltr'><strong>ceteris</strong></span> <span class='ocrx_word' id='word_1_94' title='bbox 877 1675 956 1722; x_wconf 83' lang='lat' dir='ltr'><strong>vero</strong></span> <span class='ocrx_word' id='word_1_95' title='bbox 970 1649 1100 1722; x_wconf 81' lang='lat' dir='ltr'><strong>clericis</strong></span> <span class='ocrx_word' id='word_1_96' title='bbox 1113 1650 1256 1720; x_wconf 89' lang='lat' dir='ltr'><strong>interdi-</strong></span> 
     </span>
     <span class='ocr_line' id='line_1_13' title="bbox 124 1765 1254 1861; baseline -0.005 -24"><span class='ocrx_word' id='word_1_97' title='bbox 124 1769 187 1854; x_wconf 89' lang='lat' dir='ltr'><strong>cit,</strong></span> <span class='ocrx_word' id='word_1_98' title='bbox 217 1793 286 1836; x_wconf 88' lang='lat' dir='ltr'><strong>non</strong></span> <span class='ocrx_word' id='word_1_99' title='bbox 313 1767 467 1838; x_wconf 85' lang='lat' dir='ltr'><strong>obstante</strong></span> <span class='ocrx_word' id='word_1_100' title='bbox 492 1769 664 1838; x_wconf 88' lang='lat' dir='ltr'><strong>contraria</strong></span> <span class='ocrx_word' id='word_1_101' title='bbox 696 1769 798 1861; x_wconf 75' lang='lat' dir='ltr'><strong>liujus</strong></span> <span class='ocrx_word' id='word_1_102' title='bbox 825 1766 972 1838; x_wconf 81' lang='lat' dir='ltr'><strong>ecclosiae</strong></span> <span class='ocrx_word' id='word_1_103' title='bbox 996 1765 1254 1838; x_wconf 88' lang='lat' dir='ltr'><strong>consuetudine.</strong></span> 
     </span>
     <span class='ocr_line' id='line_1_14' title="bbox 124 1881 1319 1977; baseline -0.001 -24"><span class='ocrx_word' id='word_1_104' title='bbox 124 1888 240 1972; x_wconf 81' lang='lat' dir='ltr'><strong>Quam</strong></span> <span class='ocrx_word' id='word_1_105' title='bbox 259 1881 508 1955; x_wconf 78' lang='lat' dir='ltr'><strong>ordinationem</strong></span> <span class='ocrx_word' id='word_1_106' title='bbox 527 1883 571 1952; x_wconf 82' lang='lat' dir='ltr'><strong>ad</strong></span> <span class='ocrx_word' id='word_1_107' title='bbox 590 1887 758 1961; x_wconf 77' lang='lat' dir='ltr'><strong>loannem</strong></span> <span class='ocrx_word' id='word_1_108' title='bbox 778 1887 1009 1956; x_wconf 82' lang='lat' dir='ltr'><strong>Ravennatem</strong></span> <span class='ocrx_word' id='word_1_109' title='bbox 1029 1883 1256 1977; x_wconf 84' lang='lat' dir='ltr'><strong>archipraesu·</strong></span> <span class='ocrx_word' id='word_1_110' title='bbox 1313 1902 1319 1911; x_wconf 92' lang='grc'><em>“</em></span> 
     </span>
     <span class='ocr_line' id='line_1_15' title="bbox 125 1997 1254 2098; baseline -0.004 -30"><span class='ocrx_word' id='word_1_111' title='bbox 125 1997 189 2068; x_wconf 84' lang='lat' dir='ltr'><strong>leur</strong></span> <span class='ocrx_word' id='word_1_112' title='bbox 211 1997 265 2066; x_wconf 89' lang='lat' dir='ltr'><strong>lris</strong></span> <span class='ocrx_word' id='word_1_113' title='bbox 279 1998 388 2068; x_wconf 84' lang='lat' dir='ltr'><strong>verbis</strong></span> <span class='ocrx_word' id='word_1_114' title='bbox 403 1999 624 2098; x_wconf 79' lang='lat' dir='ltr'><strong>transmittit:</strong></span> <span class='ocrx_word' id='word_1_115' title='bbox 645 2029 662 2064; x_wconf 79' lang='lat' dir='ltr'><strong>s</strong></span> <span class='ocrx_word' id='word_1_116' title='bbox 672 1999 795 2068; x_wconf 84' lang='lat' dir='ltr'><strong>Primis</strong></span> <span class='ocrx_word' id='word_1_117' title='bbox 810 1999 1007 2068; x_wconf 88' lang='lat' dir='ltr'><strong>diaconibus</strong></span> <span class='ocrx_word' id='word_1_118' title='bbox 1022 1998 1198 2084; x_wconf 76' lang='lat' dir='ltr'><strong>vestris..;</strong></span> <span class='ocrx_word' id='word_1_119' title='bbox 1218 1997 1254 2066; x_wconf 90' lang='lat' dir='ltr'><strong>in</strong></span> 
     </span>
     <span class='ocr_line' id='line_1_16' title="bbox 124 2111 1254 2209; baseline 0.003 -33"><span class='ocrx_word' id='word_1_120' title='bbox 124 2112 322 2207; x_wconf 72' lang='lat' dir='ltr'><strong>«obsequio</strong></span> <span class='ocrx_word' id='word_1_121' title='bbox 347 2112 520 2184; x_wconf 83' lang='lat' dir='ltr'><strong>dumtaxat</strong></span> <span class='ocrx_word' id='word_1_122' title='bbox 541 2128 613 2198; x_wconf 92' lang='lat' dir='ltr'><strong>tuo,</strong></span> <span class='ocrx_word' id='word_1_123' title='bbox 645 2113 815 2209; x_wconf 87' lang='lat' dir='ltr'><strong>mappulis</strong></span> <span class='ocrx_word' id='word_1_124' title='bbox 841 2115 891 2183; x_wconf 91' lang='lat' dir='ltr'><strong>nti</strong></span> <span class='ocrx_word' id='word_1_125' title='bbox 918 2114 1167 2207; x_wconf 76' lang='lat' dir='ltr'><strong>permittimus3</strong></span> <span class='ocrx_word' id='word_1_126' title='bbox 1185 2111 1254 2182; x_wconf 85' lang='lat' dir='ltr'><strong>alio</strong></span> 
     </span>
     <span class='ocr_line' id='line_1_17' title="bbox 124 2227 1255 2324; baseline 0.002 -32"><span class='ocrx_word' id='word_1_127' title='bbox 124 2257 142 2292; x_wconf 75' lang='grc' dir='ltr'>α</span> <span class='ocrx_word' id='word_1_128' title='bbox 155 2242 271 2298; x_wconf 86' lang='lat' dir='ltr'><strong>autem</strong></span> <span class='ocrx_word' id='word_1_129' title='bbox 287 2238 439 2321; x_wconf 84' lang='lat' dir='ltr'><strong>tempore</strong></span> <span class='ocrx_word' id='word_1_130' title='bbox 465 2227 517 2298; x_wconf 86' lang='lat' dir='ltr'><strong>vel</strong></span> <span class='ocrx_word' id='word_1_131' title='bbox 540 2227 621 2300; x_wconf 83' lang='lat' dir='ltr'><strong>elias</strong></span> <span class='ocrx_word' id='word_1_132' title='bbox 638 2253 797 2323; x_wconf 80' lang='lat' dir='ltr'><strong>personas</strong></span> <span class='ocrx_word' id='word_1_133' title='bbox 817 2229 882 2298; x_wconf 88' lang='lat' dir='ltr'><strong>lroc</strong></span> <span class='ocrx_word' id='word_1_134' title='bbox 905 2253 1006 2324; x_wconf 85' lang='lat' dir='ltr'><strong>agere</strong></span> <span class='ocrx_word' id='word_1_135' title='bbox 1028 2227 1255 2299; x_wconf 85' lang='lat' dir='ltr'><strong>vehementis·</strong></span> 
     </span>
     <span class='ocr_line' id='line_1_18' title="bbox 125 2339 1256 2438; baseline 0.002 -30"><span class='ocrx_word' id='word_1_136' title='bbox 125 2343 241 2410; x_wconf 80' lang='lat' dir='ltr'><strong>ssime</strong></span> <span class='ocrx_word' id='word_1_137' title='bbox 269 2342 488 2438; x_wconf 88' lang='lat' dir='ltr'><strong>prohibemus</strong></span> <span class='ocrx_word' id='word_1_138' title='bbox 513 2372 530 2408; x_wconf 81' lang='lat' dir='ltr'><strong>s</strong></span> <span class='ocrx_word' id='word_1_139' title='bbox 558 2342 649 2437; x_wconf 83' lang='lat' dir='ltr'><strong>(loco</strong></span> <span class='ocrx_word' id='word_1_140' title='bbox 675 2343 912 2438; x_wconf 77' lang='lat' dir='ltr'><strong>supracitato,</strong></span> <span class='ocrx_word' id='word_1_141' title='bbox 950 2367 983 2436; x_wconf 89' lang='lat' dir='ltr'><strong>p.</strong></span> <span class='ocrx_word' id='word_1_142' title='bbox 1011 2339 1109 2435; x_wconf 73' lang='lat'>654).</span> <span class='ocrx_word' id='word_1_143' title='bbox 1133 2340 1256 2410; x_wconf 88' lang='lat' dir='ltr'><strong>Mode-</strong></span> 
     </span>
     <span class='ocr_line' id='line_1_19' title="bbox 126 2457 1257 2553; baseline 0 -27"><span class='ocrx_word' id='word_1_144' title='bbox 126 2459 194 2526; x_wconf 89' lang='lat' dir='ltr'><strong>rari</strong></span> <span class='ocrx_word' id='word_1_145' title='bbox 222 2457 306 2528; x_wconf 92' lang='lat' dir='ltr'><strong>illud</strong></span> <span class='ocrx_word' id='word_1_146' title='bbox 342 2457 516 2528; x_wconf 88' lang='lat' dir='ltr'><strong>decretum</strong></span> <span class='ocrx_word' id='word_1_147' title='bbox 547 2459 689 2553; x_wconf 87' lang='lat' dir='ltr'><strong>optabat</strong></span> <span class='ocrx_word' id='word_1_148' title='bbox 717 2459 988 2530; x_wconf 80' lang='lat' dir='ltr'><strong>Ravenrrstensis</strong></span> <span class='ocrx_word' id='word_1_149' title='bbox 1020 2457 1257 2552; x_wconf 84' lang='lat' dir='ltr'><strong>Arclriepisco-</strong></span> 
     </span>
     <span class='ocr_line' id='line_1_20' title="bbox 126 2572 1260 2670; baseline 0.003 -29"><span class='ocrx_word' id='word_1_150' title='bbox 126 2597 211 2667; x_wconf 90' lang='lat' dir='ltr'><strong>pus,</strong></span> <span class='ocrx_word' id='word_1_151' title='bbox 245 2586 348 2666; x_wconf 88' lang='lat' dir='ltr'><strong>atque</strong></span> <span class='ocrx_word' id='word_1_152' title='bbox 384 2573 420 2642; x_wconf 91' lang='lat' dir='ltr'><strong>in</strong></span> <span class='ocrx_word' id='word_1_153' title='bbox 449 2573 542 2644; x_wconf 88' lang='lat' dir='ltr'><strong>bunc</strong></span> <span class='ocrx_word' id='word_1_154' title='bbox 562 2599 702 2670; x_wconf 90' lang='lat' dir='ltr'><strong>scopum</strong></span> <span class='ocrx_word' id='word_1_155' title='bbox 720 2572 848 2644; x_wconf 79' lang='lat' dir='ltr'><strong>litteras</strong></span> <span class='ocrx_word' id='word_1_156' title='bbox 871 2573 913 2642; x_wconf 86' lang='lat' dir='ltr'><strong>ad</strong></span> <span class='ocrx_word' id='word_1_157' title='bbox 947 2587 1101 2644; x_wconf 87' lang='lat' dir='ltr'><strong>sanctum</strong></span> <span class='ocrx_word' id='word_1_158' title='bbox 1125 2577 1260 2668; x_wconf 84' lang='lat' dir='ltr'><strong>Grego-</strong></span> 
     </span>
     <span class='ocr_line' id='line_1_21' title="bbox 125 2688 1257 2784; baseline 0.002 -28"><span class='ocrx_word' id='word_1_159' title='bbox 125 2689 216 2757; x_wconf 89' lang='lat' dir='ltr'><strong>rium</strong></span> <span class='ocrx_word' id='word_1_160' title='bbox 246 2688 452 2774; x_wconf 88' lang='lat' dir='ltr'><strong>transmisit,</strong></span> <span class='ocrx_word' id='word_1_161' title='bbox 491 2689 525 2758; x_wconf 88' lang='lat' dir='ltr'><strong>in</strong></span> <span class='ocrx_word' id='word_1_162' title='bbox 550 2691 675 2784; x_wconf 89' lang='lat' dir='ltr'><strong>quibus</strong></span> <span class='ocrx_word' id='word_1_163' title='bbox 696 2690 804 2768; x_wconf 81' lang='lat' dir='ltr'><strong>variis</strong></span> <span class='ocrx_word' id='word_1_164' title='bbox 832 2689 1043 2759; x_wconf 78' lang='lat' dir='ltr'><strong>documentis</strong></span> <span class='ocrx_word' id='word_1_165' title='bbox 1066 2689 1257 2783; x_wconf 84' lang='lat' dir='ltr'><strong>probabat,</strong></span> 
     </span>
     <span class='ocr_line' id='line_1_22' title="bbox 126 2801 1256 2900; baseline 0 -26"><span class='ocrx_word' id='word_1_166' title='bbox 126 2801 306 2899; x_wconf 80' lang='lat' dir='ltr'><strong>privilegio</strong></span> <span class='ocrx_word' id='word_1_167' title='bbox 329 2802 495 2898; x_wconf 82' lang='lat' dir='ltr'><strong>mappulae</strong></span> <span class='ocrx_word' id='word_1_168' title='bbox 512 2807 576 2876; x_wconf 87' lang='lat' dir='ltr'><strong>sub</strong></span> <span class='ocrx_word' id='word_1_169' title='bbox 595 2804 862 2900; x_wconf 76' lang='lat' dir='ltr'><strong>precedentibus</strong></span> <span class='ocrx_word' id='word_1_170' title='bbox 883 2806 1042 2876; x_wconf 76' lang='lat' dir='ltr'><strong>Romanis</strong></span> <span class='ocrx_word' id='word_1_171' title='bbox 1055 2803 1256 2898; x_wconf 85' lang='lat' dir='ltr'><strong>praesulibns</strong></span> 
     </span>
     <span class='ocr_line' id='line_1_23' title="bbox 92 2919 1257 3017; baseline -0.005 -23"><span class='ocrx_word' id='word_1_172' title='bbox 92 2991 94 2994; x_wconf 11' lang='grc' dir='ltr'><em>Α</em></span> <span class='ocrx_word' id='word_1_173' title='bbox 126 2935 246 2990; x_wconf 85' lang='lat' dir='ltr'><strong>omues</strong></span> <span class='ocrx_word' id='word_1_174' title='bbox 262 2921 530 2990; x_wconf 79' lang='lat' dir='ltr'><strong>Ravennatensis</strong></span> <span class='ocrx_word' id='word_1_175' title='bbox 541 2919 689 2992; x_wconf 76' lang='lat' dir='ltr'><strong>ecclesiae</strong></span> <span class='ocrx_word' id='word_1_176' title='bbox 703 2921 917 3017; x_wconf 86' lang='lat' dir='ltr'><strong>presbyteros</strong></span> <span class='ocrx_word' id='word_1_177' title='bbox 933 2935 967 2988; x_wconf 90' lang='lat' dir='ltr'><strong>et</strong></span> <span class='ocrx_word' id='word_1_178' title='bbox 982 2920 1142 2988; x_wconf 84' lang='lat' dir='ltr'><strong>diaconos</strong></span> <span class='ocrx_word' id='word_1_179' title='bbox 1161 2921 1257 3014; x_wconf 80' lang='lat' dir='ltr'><strong>psci·</strong></span> 
     </span>
    </p>

    <p class='ocr_par' dir='ltr' id='par_1_5' title="bbox 107 3033 1301 4518">
     <span class='ocr_line' id='line_1_24' title="bbox 126 3033 1258 3130; baseline 0 -26"><span class='ocrx_word' id='word_1_180' title='bbox 126 3035 191 3106; x_wconf 85' lang='lat' dir='ltr'><strong>lice</strong></span> <span class='ocrx_word' id='word_1_181' title='bbox 213 3035 316 3104; x_wconf 83' lang='lat' dir='ltr'><strong>fnisse</strong></span> <span class='ocrx_word' id='word_1_182' title='bbox 344 3035 490 3130; x_wconf 84' lang='lat' dir='ltr'><strong>gavisos.</strong></span> <span class='ocrx_word' id='word_1_183' title='bbox 514 3033 761 3121; x_wconf 86' lang='lat' dir='ltr'><strong>Nihilominus,</strong></span> <span class='ocrx_word' id='word_1_184' title='bbox 781 3049 900 3127; x_wconf 86' lang='lat' dir='ltr'><strong>utpote</strong></span> <span class='ocrx_word' id='word_1_185' title='bbox 925 3035 984 3127; x_wconf 86' lang='lat' dir='ltr'><strong>qui</strong></span> <span class='ocrx_word' id='word_1_186' title='bbox 1009 3035 1095 3103; x_wconf 88' lang='lat' dir='ltr'><strong>bene</strong></span> <span class='ocrx_word' id='word_1_187' title='bbox 1115 3049 1258 3104; x_wconf 80' lang='lat' dir='ltr'><strong>noverat</strong></span> 
     </span>
     <span class='ocr_line' id='line_1_25' title="bbox 126 3147 1254 3246; baseline -0.004 -24"><span class='ocrx_word' id='word_1_188' title='bbox 126 3175 319 3246; x_wconf 87' lang='lat' dir='ltr'><strong>supremam</strong></span> <span class='ocrx_word' id='word_1_189' title='bbox 337 3151 483 3221; x_wconf 84' lang='lat' dir='ltr'><strong>Romani</strong></span> <span class='ocrx_word' id='word_1_190' title='bbox 506 3148 683 3221; x_wconf 86' lang='lat' dir='ltr'><strong>Pontificis</strong></span> <span class='ocrx_word' id='word_1_191' title='bbox 710 3149 744 3220; x_wconf 89' lang='lat' dir='ltr'><strong>in</strong></span> <span class='ocrx_word' id='word_1_192' title='bbox 768 3173 820 3218; x_wconf 86' lang='lat' dir='ltr'><strong>res</strong></span> <span class='ocrx_word' id='word_1_193' title='bbox 839 3147 1011 3243; x_wconf 85' lang='lat' dir='ltr'><strong>liturgions</strong></span> <span class='ocrx_word' id='word_1_194' title='bbox 1033 3163 1254 3246; x_wconf 88' lang='lat' dir='ltr'><strong>potestatem,</strong></span> 
     </span>
     <span class='ocr_line' id='line_1_26' title="bbox 128 3265 1258 3360; baseline 0.001 -26"><span class='ocrx_word' id='word_1_195' title='bbox 128 3279 341 3360; x_wconf 85' lang='lat' dir='ltr'><strong>protestatur</strong></span> <span class='ocrx_word' id='word_1_196' title='bbox 364 3291 399 3336; x_wconf 90' lang='lat' dir='ltr'><strong>se</strong></span> <span class='ocrx_word' id='word_1_197' title='bbox 422 3265 559 3336; x_wconf 81' lang='lat' dir='ltr'><strong>decreto</strong></span> <span class='ocrx_word' id='word_1_198' title='bbox 581 3265 914 3360; x_wconf 85' lang='lat' dir='ltr'><strong>obtemperaturum,</strong></span> <span class='ocrx_word' id='word_1_199' title='bbox 928 3265 1047 3339; x_wconf 81' lang='lat' dir='ltr'><strong>&#39;donec</strong></span> <span class='ocrx_word' id='word_1_200' title='bbox 1074 3291 1134 3359; x_wconf 89' lang='lat' dir='ltr'><strong>per</strong></span> <span class='ocrx_word' id='word_1_201' title='bbox 1153 3290 1258 3346; x_wconf 88' lang='lat' dir='ltr'><strong>novas</strong></span> 
     </span>
     <span class='ocr_line' id='line_1_27' title="bbox 129 3377 1273 3474; baseline -0.005 -20"><span class='ocrx_word' id='word_1_202' title='bbox 129 3380 289 3474; x_wconf 85' lang='lat' dir='ltr'><strong>Gregorii</strong></span> <span class='ocrx_word' id='word_1_203' title='bbox 310 3377 438 3450; x_wconf 88' lang='lat' dir='ltr'><strong>litteras</strong></span> <span class='ocrx_word' id='word_1_204' title='bbox 459 3380 584 3448; x_wconf 85' lang='lat' dir='ltr'><strong>certior</strong></span> <span class='ocrx_word' id='word_1_205' title='bbox 602 3378 699 3450; x_wconf 86' lang='lat' dir='ltr'><strong>fieret</strong></span> <span class='ocrx_word' id='word_1_206' title='bbox 721 3380 763 3450; x_wconf 85' lang='lat' dir='ltr'><strong>de</strong></span> <span class='ocrx_word' id='word_1_207' title='bbox 783 3403 939 3450; x_wconf 87' lang='lat' dir='ltr'><strong>concessa</strong></span> <span class='ocrx_word' id='word_1_208' title='bbox 956 3379 1102 3473; x_wconf 65' lang='lat' dir='ltr'><strong>praelatae</strong></span> <span class='ocrx_word' id='word_1_209' title='bbox 1116 3392 1273 3448; x_wconf 72' lang='lat' dir='ltr'><strong>consue-v</strong></span> 
     </span>
     <span class='ocr_line' id='line_1_28' title="bbox 129 3490 1257 3594; baseline -0.004 -28"><span class='ocrx_word' id='word_1_210' title='bbox 129 3496 260 3566; x_wconf 88' lang='lat' dir='ltr'><strong>tudinis</strong></span> <span class='ocrx_word' id='word_1_211' title='bbox 289 3495 476 3566; x_wconf 83' lang='lat' dir='ltr'><strong>retineudre</strong></span> <span class='ocrx_word' id='word_1_212' title='bbox 494 3490 665 3566; x_wconf 84' lang='lat' dir='ltr'><strong>facultate.</strong></span> <span class='ocrx_word' id='word_1_213' title='bbox 679 3500 768 3594; x_wconf 85' lang='lat' dir='ltr'><strong>Ego,</strong></span> <span class='ocrx_word' id='word_1_214' title='bbox 788 3495 914 3588; x_wconf 90' lang='lat' dir='ltr'><strong>inquit,</strong></span> <span class='ocrx_word' id='word_1_215' title='bbox 924 3490 1150 3590; x_wconf 78' lang='lat' dir='ltr'><strong>Jitrsr&#39;om‘bns</strong></span> <span class='ocrx_word' id='word_1_216' title='bbox 1168 3517 1257 3590; x_wconf 71' lang='lat' dir='ltr'><strong>apro·</strong></span> 
     </span>
     <span class='ocr_line' id='line_1_29' title="bbox 127 3607 1301 3706; baseline 0 -26"><span class='ocrx_word' id='word_1_217' title='bbox 127 3610 280 3680; x_wconf 78' lang='lat' dir='ltr'><strong>stolatus</strong></span> <span class='ocrx_word' id='word_1_218' title='bbox 296 3610 444 3680; x_wconf 68' lang='lat' dir='ltr'><strong>nonunt</strong></span> <span class='ocrx_word' id='word_1_219' title='bbox 459 3611 533 3680; x_wconf 78' lang='lat' dir='ltr'><strong>mei</strong></span> <span class='ocrx_word' id='word_1_220' title='bbox 545 3633 673 3705; x_wconf 74' lang='lat' dir='ltr'><strong>parere</strong></span> <span class='ocrx_word' id='word_1_221' title='bbox 687 3607 907 3694; x_wconf 81' lang='lat' dir='ltr'><strong>desiderans,</strong></span> <span class='ocrx_word' id='word_1_222' title='bbox 928 3609 1092 3705; x_wconf 80' lang='lat' dir='ltr'><strong>quamvis</strong></span> <span class='ocrx_word' id='word_1_223' title='bbox 1104 3611 1257 3706; x_wconf 78' lang='lat' dir='ltr'><strong>antiqua</strong></span> <span class='ocrx_word' id='word_1_224' title='bbox 1298 3626 1301 3632; x_wconf 83' lang='lat'>&#39;</span> 
     </span>
     <span class='ocr_line' id='line_1_30' title="bbox 128 3722 1261 3823; baseline 0 -27"><span class='ocrx_word' id='word_1_225' title='bbox 128 3723 345 3798; x_wconf 74' lang='lat' dir='ltr'><strong>comuntudo</strong></span> <span class='ocrx_word' id='word_1_226' title='bbox 360 3723 531 3813; x_wconf 79' lang='lat' dir='ltr'><strong>obtinuit,</strong></span> <span class='ocrx_word' id='word_1_227' title='bbox 552 3751 664 3823; x_wconf 81' lang='lat' dir='ltr'><strong>usquc</strong></span> <span class='ocrx_word' id='word_1_228' title='bbox 681 3723 733 3796; x_wconf 86' lang='lat' dir='ltr'><strong>nd</strong></span> <span class='ocrx_word' id='word_1_229' title='bbox 744 3722 937 3796; x_wconf 81' lang='lat' dir='ltr'><strong>secundum</strong></span> <span class='ocrx_word' id='word_1_230' title='bbox 950 3723 1152 3821; x_wconf 74' lang='lat' dir='ltr'><strong>jussionem</strong></span> <span class='ocrx_word' id='word_1_231' title='bbox 1169 3727 1261 3796; x_wconf 83' lang='lat' dir='ltr'><strong>nds-</strong></span> 
     </span>
     <span class='ocr_line' id='line_1_31' title="bbox 107 3838 1259 3937; baseline -0.002 -23"><span class='ocrx_word' id='word_1_232' title='bbox 107 3921 111 3925; x_wconf 55' lang='grc'>,</span> <span class='ocrx_word' id='word_1_233' title='bbox 129 3845 242 3914; x_wconf 80' lang='lat' dir='ltr'><strong>tinere</strong></span> <span class='ocrx_word' id='word_1_234' title='bbox 258 3841 383 3916; x_wconf 76' lang='lat' dir='ltr'><strong>cur-nrt</strong></span> <span class='ocrx_word' id='word_1_235' title='bbox 402 3839 494 3934; x_wconf 77' lang='lat' dir='ltr'><strong>(loco</strong></span> <span class='ocrx_word' id='word_1_236' title='bbox 514 3841 641 3930; x_wconf 80' lang='lat' dir='ltr'><strong>citato,</strong></span> <span class='ocrx_word' id='word_1_237' title='bbox 662 3867 696 3936; x_wconf 90' lang='lat' dir='ltr'><strong>p.</strong></span> <span class='ocrx_word' id='word_1_238' title='bbox 719 3838 821 3937; x_wconf 84' lang='lat'>656).</span> <span class='ocrx_word' id='word_1_239' title='bbox 841 3843 914 3911; x_wconf 91' lang='lat' dir='ltr'><strong>Cur</strong></span> <span class='ocrx_word' id='word_1_240' title='bbox 931 3855 1044 3910; x_wconf 83' lang='lat' dir='ltr'><strong>autem</strong></span> <span class='ocrx_word' id='word_1_241' title='bbox 1065 3841 1110 3909; x_wconf 90' lang='lat' dir='ltr'><strong>ita</strong></span> <span class='ocrx_word' id='word_1_242' title='bbox 1135 3863 1259 3935; x_wconf 85' lang='lat' dir='ltr'><strong>paren·</strong></span> 
     </span>
     <span class='ocr_line' id='line_1_32' title="bbox 129 3954 1256 4052; baseline -0.004 -22"><span class='ocrx_word' id='word_1_243' title='bbox 129 3959 212 4030; x_wconf 86' lang='lat' dir='ltr'><strong>dum</strong></span> <span class='ocrx_word' id='word_1_244' title='bbox 226 3958 435 4028; x_wconf 73' lang='lat' dir='ltr'><strong>existimaret</strong></span> <span class='ocrx_word' id='word_1_245' title='bbox 445 3958 659 4052; x_wconf 87' lang='lat' dir='ltr'><strong>depromens,</strong></span> <span class='ocrx_word' id='word_1_246' title='bbox 678 3958 881 4028; x_wconf 84' lang='lat' dir='ltr'><strong>sententiam</strong></span> <span class='ocrx_word' id='word_1_247' title='bbox 904 3954 1048 4052; x_wconf 88' lang='lat' dir='ltr'><strong>protulit</strong></span> <span class='ocrx_word' id='word_1_248' title='bbox 1067 3973 1256 4028; x_wconf 87' lang='lat' dir='ltr'><strong>memoratu</strong></span> 
     </span>
     <span class='ocr_line' id='line_1_33' title="bbox 129 4070 1261 4171; baseline -0.001 -29"><span class='ocrx_word' id='word_1_249' title='bbox 129 4073 290 4168; x_wconf 85' lang='lat' dir='ltr'><strong>dignam,</strong></span> <span class='ocrx_word' id='word_1_250' title='bbox 311 4095 379 4166; x_wconf 88' lang='lat' dir='ltr'><strong>qua</strong></span> <span class='ocrx_word' id='word_1_251' title='bbox 392 4073 429 4142; x_wconf 88' lang='lat' dir='ltr'><strong>in</strong></span> <span class='ocrx_word' id='word_1_252' title='bbox 447 4087 610 4171; x_wconf 70' lang='lat' dir='ltr'><strong>eternum</strong></span> <span class='ocrx_word' id='word_1_253' title='bbox 631 4083 827 4144; x_wconf 88' lang='lat' dir='ltr'><strong>conteretur</strong></span> <span class='ocrx_word' id='word_1_254' title='bbox 846 4072 997 4142; x_wconf 89' lang='lat' dir='ltr'><strong>omnium</strong></span> <span class='ocrx_word' id='word_1_255' title='bbox 1015 4070 1102 4142; x_wconf 89' lang='lat' dir='ltr'><strong>sedis</strong></span> <span class='ocrx_word' id='word_1_256' title='bbox 1118 4075 1261 4166; x_wconf 76' lang='lat' dir='ltr'><strong>Aposto-</strong></span> 
     </span>
     <span class='ocr_line' id='line_1_34' title="bbox 129 4185 1257 4283; baseline -0.002 -25"><span class='ocrx_word' id='word_1_257' title='bbox 129 4187 203 4260; x_wconf 81' lang='lat' dir='ltr'><strong>licae</strong></span> <span class='ocrx_word' id='word_1_258' title='bbox 217 4187 317 4280; x_wconf 86' lang='lat' dir='ltr'><strong>jussis</strong></span> <span class='ocrx_word' id='word_1_259' title='bbox 328 4185 598 4274; x_wconf 74' lang='lat' dir='ltr'><strong>obluctantium,</strong></span> <span class='ocrx_word' id='word_1_260' title='bbox 616 4203 650 4259; x_wconf 91' lang='lat' dir='ltr'><strong>et</strong></span> <span class='ocrx_word' id='word_1_261' title='bbox 666 4187 708 4258; x_wconf 87' lang='lat' dir='ltr'><strong>ad</strong></span> <span class='ocrx_word' id='word_1_262' title='bbox 724 4189 875 4283; x_wconf 90' lang='lat' dir='ltr'><strong>priorum</strong></span> <span class='ocrx_word' id='word_1_263' title='bbox 893 4185 1091 4257; x_wconf 67' lang='lat' dir='ltr'><strong>saeculorum</strong></span> <span class='ocrx_word' id='word_1_264' title='bbox 1109 4185 1257 4280; x_wconf 86' lang='lat' dir='ltr'><strong>discipli·</strong></span> 
     </span>
     <span class='ocr_line' id='line_1_35' title="bbox 130 4301 1260 4401; baseline -0.001 -28"><span class='ocrx_word' id='word_1_265' title='bbox 130 4329 209 4373; x_wconf 91' lang='lat' dir='ltr'><strong>nam</strong></span> <span class='ocrx_word' id='word_1_266' title='bbox 225 4305 486 4398; x_wconf 83' lang='lat' dir='ltr'><strong>provocantium</strong></span> <span class='ocrx_word' id='word_1_267' title='bbox 506 4304 691 4398; x_wconf 86' lang='lat' dir='ltr'><strong>pervicacia</strong></span> <span class='ocrx_word' id='word_1_268' title='bbox 707 4330 715 4372; x_wconf 91' lang='lat'><strong>:</strong></span> <span class='ocrx_word' id='word_1_269' title='bbox 732 4308 783 4374; x_wconf 81' lang='lat' dir='ltr'><strong>Et</strong></span> <span class='ocrx_word' id='word_1_270' title='bbox 793 4301 920 4401; x_wconf 85' lang='lat' dir='ltr'><strong>qrn&#39;dus</strong></span> <span class='ocrx_word' id='word_1_271' title='bbox 933 4301 1093 4388; x_wconf 81' lang='lat' dir='ltr'><strong>ausibus,</strong></span> <span class='ocrx_word' id='word_1_272' title='bbox 1113 4303 1180 4389; x_wconf 84' lang='lat' dir='ltr'><strong>ait,</strong></span> <span class='ocrx_word' id='word_1_273' title='bbox 1194 4328 1260 4400; x_wconf 81' lang='lat' dir='ltr'><strong>ego</strong></span> 
     </span>
     <span class='ocr_line' id='line_1_36' title="bbox 126 4413 1260 4518; baseline -0.004 -28"><span class='ocrx_word' id='word_1_274' title='bbox 126 4418 365 4490; x_wconf 70' lang='lat' dir='ltr'><strong>sanctissime</strong></span> <span class='ocrx_word' id='word_1_275' title='bbox 383 4418 440 4492; x_wconf 74' lang='lat' dir='ltr'><strong>itti</strong></span> <span class='ocrx_word' id='word_1_276' title='bbox 463 4419 561 4506; x_wconf 75' lang='lat' dir='ltr'><strong>sedi,</strong></span> <span class='ocrx_word' id='word_1_277' title='bbox 576 4457 580 4464; x_wconf 57' lang='lat'>¹</span> <span class='ocrx_word' id='word_1_278' title='bbox 593 4445 673 4518; x_wconf 73' lang='lat' dir='ltr'><strong>quc</strong></span> <span class='ocrx_word' id='word_1_279' title='bbox 691 4417 886 4492; x_wconf 80' lang='lat' dir='ltr'><strong>universali</strong></span> <span class='ocrx_word' id='word_1_280' title='bbox 901 4416 1069 4489; x_wconf 76' lang='lat' dir='ltr'><strong>Ecclesioe</strong></span> <span class='ocrx_word' id='word_1_281' title='bbox 1075 4413 1167 4512; x_wconf 82' lang='lat' dir='ltr'><strong>jura</strong></span> <span class='ocrx_word' id='word_1_282' title='bbox 1187 4439 1260 4488; x_wconf 83' lang='lat' dir='ltr'><strong>sua</strong></span> 
     </span>
    </p>
   </div>
   <div class='ocr_carea' id='block_1_3' title="bbox 0 0 1502 5072">
    <p class='ocr_par' dir='ltr' id='par_1_6' title="bbox 0 0 1502 5072">
     <span class='ocr_line' id='line_1_37' title="bbox 0 0 1502 5072; baseline 0 0"><span class='ocrx_word' id='word_1_283' title='bbox 0 0 1502 5072; x_wconf 95' lang='lat' dir='ltr'><strong> </strong></span> 
     </span>
    </p>
   </div>
  </div>
 </body>
</html>
