3018 5070
256 295 302 367 30
711 312 916 382 anscausus

253 462 398 546 «potest
419 471 520 548 quam
549 449 727 532 Romana,
751 457 812 538 aut
833 442 988 540 universa
1012 439 1169 516 Ecclesia
1181 469 1241 540 per
1260 446 1381 542 orbern

254 559 410 632 «diffusa
441 559 542 629 tradit
575 558 742 627 doctrina.
769 555 870 624 Unde
905 581 1007 649 porro
1039 555 1254 628 ecclesiarum
1288 587 1382 654 mens

257 711 274 746 a
290 679 443 776 dignosci
460 679 567 748 tutius
581 678 698 773 possit,
717 701 819 771 quam
834 701 873 742 ex
892 673 1055 772 liturgiis,
1076 703 1150 774 quae
1171 679 1381 775 singularum

257 828 274 864 a
293 799 468 896 inquibus
488 810 698 892 usurpantur
713 791 930 862 ecclesiarum
945 817 1059 864 vocem
1084 819 1124 863 ac
1150 799 1381 875 testimonium

258 912 544 1009 «quodammodo
567 911 744 998 exhibent,
769 923 872 1006 atque
898 908 1146 1010 ¹episcoporum,
1166 914 1381 1008 presbyterio-

254 1061 271 1095 a
289 1054 456 1123 rumque,
487 1028 554 1096 inm
589 1041 622 1096 et
652 1025 760 1122 plebis
792 1025 896 1118 ipsius
929 1023 1111 1122 suffragia,
1135 1025 1240 1120 leges,
1275 1031 1381 1118 ritus,

255 1173 271 1209 a
291 1144 409 1234 effata,
430 1143 588 1237 dogmata
602 1139 713 1236 palam
732 1137 886 1212 faciunt?
905 1142 993 1210 Hinc
1007 1139 1213 1212 efficacitatis
1231 1145 1383 1225 mantunae

252 1292 268 1326 a
289 1263 397 1330 visum
422 1281 555 1354 semper
578 1256 644 1326 fuit
669 1254 760 1350 quod
790 1279 808 1323 e
839 1253 984 1352 liturgiis
1017 1255 1196 1350 petebatur
1221 1257 1382 1346 adversus

255 1404 271 1439 a
289 1375 463 1444 haereticos
481 1385 723 1468 argumentum
752 1400 768 1435 a
796 1367 985 1464 (Zaccaria,
1006 1370 1214 1445 Bibliotheca
1233 1374 1381 1464 ritualis,

255 1506 367 1559 tomus
397 1515 432 1577 t,
466 1487 657 1576 dissertatio
674 1512 715 1574 a,
741 1500 844 1586 caput
864 1513 897 1572 2,
927 1487 1052 1584 pagina
1075 1513 1153 1579 u111,
1180 1489 1285 1563 editio
1315 1496 1383 1580 tto-

255 1631 328 1695 mae,
348 1604 464 1702 1776).
751 1587 754 1594 i

307 1751 324 1786 a
337 1721 523 1790 Consensio
544 1717 759 1814 liturgiarum
781 1717 934 1786 omnium
954 1742 1031 1789 cum
1057 1719 1285 1810 orientalium,
1306 1737 1380 1797 tum

254 1865 269 1898 «
290 1833 548 1904 occidentalium
570 1835 602 1902 in
632 1832 747 1928 aliquo
775 1833 942 1928 dogmate,
961 1832 1195 1933 'firmissimum
1221 1851 1272 1910 est
1293 1836 1382 1911 illius

257 1980 274 2016 a
291 1966 544 2048 argumentum.
559 1951 744 2022 Consensio
759 1949 849 2022 enim
870 1949 1086 2044 liturgiarum
1100 1954 1253 2025 onmium
1270 1952 1382 2026 Eccle-

257 2097 274 2132 «
291 2068 349 2138 siae
378 2069 541 2138 universae
561 2091 745 2136 consensus
772 2080 842 2152 est;
879 2064 1165 2158 quemadmodum
1194 2094 1276 2164 ergo
1297 2069 1379 2142 ¹falli

256 2213 273 2248 a
292 2185 482 2254 universam
498 2180 681 2254 Ecclesiam
699 2207 767 2250 non
785 2206 881 2276 posse
892 2195 1038 2272 constat,
1054 2182 1099 2252 ita
1117 2207 1191 2275 quae
1206 2182 1382 2279 aliturgiis

257 2301 448 2370 «omnihus
471 2297 665 2389 traduntur,
692 2297 814 2367 erroris
839 2294 1035 2370 insimulare
1058 2295 1161 2370 nefas-
1176 2312 1226 2371 est
1244 2328 1260 2362 ν
1279 2298 1382 2393 (thia

254 2412 477 2510 cap-aun
510 2411 552 2506 a·
574 2407 628 2505 <a
935 2503 937 2508 ,
1082 2499 1085 2506 ,
1134 2495 1138 2506 .

301 2529 396 2600 Idem
419 2526 522 2596 tradit
537 2525 689 2597 eruditus
708 2524 943 2597 Renaudotius
956 2579 958 2588 ,
971 2525 1148 2622 (Collectio
1169 2525 1383 2623 liturgiarum

255 2641 482 2730 orientalium,
497 2641 684 2710 dissertatio
695 2640 736 2708 de
750 2666 865 2714 earum
882 2643 1099 2733 auctoritate,
1110 2643 1223 2738 capite
1237 2645 1272 2739 7f)
1291 2670 1299 2712 ε
1314 2674 1330 2710 a
1343 2646 1382 2728 Si

255 2756 473 2854 «quidquam
496 2756 529 2825 in
555 2755 595 2824 iis
616 2756 857 2850 quaestionibus
882 2781 957 2850 qnae
979 2755 1084 2828 fidem
1108 2773 1144 2851 et
1169 2757 1383 2852 disciplineuu

255 2903 271 2937 a
291 2886 444 2968 spectant
458 2869 903 2966 elucidandisgravissimam
914 2872 1150 2965 auctoritatem
1165 2872 1279 2964 habet,
1290 2875 1384 2946 testi-

255 3016 272 3052 «
291 2988 443 3056 monium
455 2985 606 3054 omnium
625 2983 841 3054 ecclesiarum
853 2999 918 3070 est,
935 2985 1168 3080 praescriptum
1181 2985 1383 3080 antiquitus,

260 3119 326 3173 «et
358 3118 550 3198 temporum
584 3101 794 3170 successione
826 3101 1062 3176 continuatum
1099 3117 1132 3171 et
1165 3117 1382 3176 renovattmr.

257 3247 273 3282 a
294 3220 459 3316 Magnum
475 3217 509 3284 in
530 3217 595 3288 hoc
608 3240 732 3312 genere
742 3214 875 3309 pondus
889 3215 1016 3286 babent
1029 3229 1160 3288 vetusta
1176 3216 1327 3306 traditio,
1349 3234 1384 3290 et

259 3333 581 3406 «consentientium
605 3331 646 3400 de
669 3331 848 3426 praecipuis
874 3330 954 3402 fidei
981 3331 1235 3430 disciplinaeque
1261 3335 1382 3428 capiti·

256 3479 273 3514 u
292 3449 356 3520 bus
383 3463 576 3520 sanctorum
603 3451 742 3517 Patrum
778 3446 923 3542 scripta,
947 3446 1077 3517 decreta
1096 3447 1320 3523 conciliorum
1347 3464 1387 3523 et

259 3563 424 3660 etreliqua
448 3563 605 3634 Ecclesiae
638 3577 871 3632 monumenta.
905 3563 968 3632 Sed
1002 3564 1090 3635 inter
1114 3560 1170 3632 illa
1201 3564 1383 3636 maximam

259 3680 491 3777 «dignitatem
513 3681 669 3772 obtinent
682 3704 733 3768 ea,
749 3703 822 3771 quae
840 3679 942 3748 totins
961 3677 1211 3772 quodammodo
1230 3677 1384 3752 Ecclesiae

193 3825 194 3828 ¹
257 3824 274 3859 «
292 3820 410 3866 vocem
432 3811 466 3866 et
493 3794 721 3863 testimonium
748 3794 919 3880 exhibent,
942 3793 1021 3886 quia
1041 3793 1167 3886 ubique
1191 3795 1326 3886 cognita
1350 3809 1389 3882 et

259 3939 274 3973 a
295 3912 437 4006 probata
452 3925 548 4002 sunt,
560 3925 594 3980 et
609 3909 643 3978 in
657 3907 722 3978 illis
735 3933 805 3978 non
820 3909 1065 4006 Episcoporum
1076 3906 1189 4008 modo,
1204 3907 1261 3978 sed
1275 3906 1385 4005 plebis

291 4215 331 4286 (l)
351 4214 422 4270 Licet
432 4214 468 4273 ibi
484 4214 603 4270 Zacearia
615 4219 736 4287 tanquam
751 4209 864 4265 veritatis
879 4217 1058 4282 argumentum
1075 4215 1200 4266 memoret
1212 4215 1386 4279 literatorum

257 4308 371 4362 omnium
383 4305 585 4371 consensionem,
601 4321 652 4361 noa
671 4309 756 4356 tamen
777 4297 888 4354 excludit
900 4316 931 4356 ex
952 4298 1030 4356 solius
1051 4298 1323 4368 Ecclesiellomeau,
1345 4299 1388 4356 rel

256 4395 360 4469 majoris
375 4395 454 4469 partis
469 4393 635 4450 ecclesiarum
649 4389 831 4447 catholicarum
842 4387 957 4463 liturgia,
972 4406 1045 4463 posse
1060 4388 1177 4478 dogmata
1187 4389 1367 4475 demonstrari.
