3004 5070
480 397 529 444 ue
552 397 640 444 rone
665 399 874 446 emuncrco.
1166 379 1241 476 ²89

111 528 200 624 ipris
211 523 397 619 sufficiens
414 520 633 620 dispensatio
640 527 772 616 ,ἣδιστα
788 539 903 594 autem
922 528 1168 622 'Congregatio‚
1186 528 1245 598 die

119 667 162 714 ιο
175 641 324 737 januarii
337 637 443 731 1852,
467 639 737 736 respondendum
754 641 898 727 oensuit,
916 644 1087 739 negative,
1108 659 1143 714 et
1158 669 1243 715 onr-

107 756 237 854 plius(
266 753 291 841 l.

166 871 283 958 Unde,
301 871 403 940 etiam
417 871 446 940 si
461 869 575 940 liceret
590 869 691 940 alicui
711 868 856 940 ecclesiae
867 870 1073 942 breviarium
1091 899 1190 943 suum
1206 889 1243 944 et

115 986 249 1058 missale
268 1011 330 1082 pro
344 986 485 1055 arbitrio
503 1001 634 1056 mutare
655 984 762 1082 (quod
782 1001 913 1056 certum
932 1001 983 1055 est
1001 987 1141 1056 minime
1171 1013 1246 1058 esse

116 1100 276 1196 licitum),
299 1126 366 1169 uon
384 1115 495 1170 tamen
508 1099 576 1170 alio
591 1099 844 1194 martyrologio,
858 1101 1057 1196 pontificali,
1087 1128 1247 1174 caeremo·

117 1216 198 1286 ninli
215 1230 248 1284 et
266 1213 391 1302 rituali,
409 1239 512 1309 quam
528 1219 696 1303 Romano,
714 1217 762 1296 uti
783 1215 930 1312 legitime
959 1233 1084 1311 posset,
1102 1233 1162 1288 aut
1189 1244 1245 1288 re·

115 1331 213 1426 gulas
236 1333 376 1400 istorum
394 1355 612 1400 romanorum
636 1328 802 1399 librorum
823 1347 954 1400 mutare
974 1345 1009 1401 et
1028 1331 1225 1428 infringere.

168 1447 356 1540 Propositio
369 1452 416 1514 α’.
435 1449 478 1515 ln
491 1446 589 1514 novis
602 1443 844 1540 imprimendis
866 1446 1122 1542 irrortyrolofflti
1139 1450 1251 1520 inseri

118 1578 255 1632 tontum
271 1559 397 1630 debent
411 1561 536 1630 suncti
547 1558 593 1630 ob
613 1558 740 1630 uittirto
761 1557 913 1632 editione
931 1565 1152 1654 canonizati,
1173 1589 1247 1634 non

119 1693 236 1748 autem
254 1678 283 1748 ii
291 1678 410 1746 saneti
420 1678 484 1773 qui
497 1673 595 1744 denti
603 1673 821 1745 solummodo
839 1671 1014 1746 deebiruti
1028 1691 1120 1746 stent.
1138 1717 1187 1732 -
1205 1679 1248 1748 ld

121 1794 167 1862 ita
195 1817 347 1886 expresse
374 1791 542 1862 sancitum
564 1805 615 1858 ost
643 1815 778 1860 asacra
804 1792 931 1860 rituum
951 1793 1247 1888 Congregatione,

121 1907 257 1978 decreto
277 1905 446 2002 generali,
468 1906 533 1974 hoc
556 1905 687 1974 modo:
716 1933 734 1969 n
750 1908 838 1973 Cum
861 1905 961 1974 bonae
986 1909 1157 1976 memorias
1175 1933 1250 1977 rar·

122 2049 140 2084 e
157 2019 280 2088 dinnlis
311 2017 536 2089 Bellarminus
558 2019 593 2086 iu
622 2020 894 2112 Congregationo
919 2043 1093 2088 sacrorum
1121 2023 1250 2090 rituum

123 2136 293 2218 «habita,
318 2135 373 2204 die
403 2132 448 2204 30
471 2132 550 2227 julii
577 2131 690 2218 1616,
711 2132 954 2227 proposuerit:
979 2134 1160 2204 nonnullos
1185 2137 1252 2206 im·

122 2257 325 2346 «pressores
351 2250 518 2320 librorum
550 2273 679 2344 cupere·
708 2249 749 2317 de
773 2273 860 2317 novo
884 2249 1166 2345 martyrologium
1196 2278 1254 2320 ro·

122 2397 140 2431 α
154 2391 294 2436 manum
316 2366 530 2460 imprimere,
554 2365 642 2433 etin
667 2363 786 2433 eodem
808 2363 934 2432 addere
959 2379 1092 2434 sanctos
1120 2365 1195 2436 illos
1217 2383 1252 2436 et

123 2483 287 2569 «beatos,
313 2482 373 2576 qui
403 2496 479 2574 post
513 2478 668 2550 ultimam
692 2477 875 2548 editionem
904 2501 974 2548 seu'
996 2479 1250 2574 impressionem

123 2627 141 2661 n
156 2598 237 2666 dicti
254 2595 487 2691 martyrologii
502 2595 643 2664 fuerunt
670 2595 862 2664 canonizati
880 2619 940 2664 seu
956 2593 1116 2664 ‹leclnrnti
1134 2595 1221 2667 beati
1243 2623 1253 2668 τ

124 2716 198 2782 «Et
222 2713 338 2782 eadem
363 2737 456 2780 sacra
484 2710 714 2805 Congregatio
737 2708 959 2780 declaraverit
982 2711 1079 2804 juxta
1107 2728 1254 2782 mentem

125 2858 143 2893 n
156 2843 191 2898 et
208 2829 454 2898 ordinationem
468 2827 669 2896 sanctissimi
684 2826 814 2894 domini
830 2827 937 2896 nostri
960 2830 1077 2921 Papa,
1100 2829 1138 2896 in
1158 2853 1260 2899 mnr-

126 2973 143 3008 α
160 2943 330 3040 tymiogio
353 2947 513 3014 Romano
536 2938 579 3010 de
601 2965 689 3010 novo
714 2939 947 3034 imprimendo
968 2940 1152 3011 addendos·
1179 2969 1258 3014 esse

127 3074 302 3130 «sanctos
322 3057 405 3128 illos
424 3071 577 3142 tontum,
600 3056 664 3153 qui
671 3063 823 3148 suerunt
848 3056 1077 3146 conotu'zntig
1092 3081 1163 3125 non
1194 3081 1259 3128 art·

127 3205 145 3241 e
158 3192 228 3245 tem
249 3176 313 3271 qui
329 3172 505 3244 declarati
516 3170 658 3266 suerint
684 3171 792 3240 Benti
818 3185 904 3266 post
926 3168 1091 3240 ultintom
1110 3174 1258 3269 impres·

126 3291 291 3360 asionem
309 3287 398 3358 dieti
417 3284 674 3384 nrnrtyrologii.
699 3285 803 3355 Nune
817 3309 897 3354 vero
922 3286 1046 3355 iterum
1069 3287 1184 3357 endem
1205 3313 1258 3358 sa·

128 3435 146 3470 n
160 3429 218 3474 cra
237 3407 367 3474 rituum
391 3403 620 3497 congregatio
639 3400 741 3495 jussit
760 3425 768 3468 ε
791 3416 830 3469 ut
847 3401 1003 3470 serretur
1018 3403 1056 3470 io
1073 3418 1257 3497 posterum

128 3517 364 3616 «pradictum
383 3516 579 3603 decretum,
610 3513 654 3584 de
683 3539 755 3584 non
778 3513 998 3610 opponendis
1019 3518 1058 3586 in
1085 3533 1258 3612 martyro·

129 3665 147 3701 a
159 3635 253 3733 logio
274 3639 454 3720 Romano,
475 3632 550 3702 nisi
562 3632 699 3702 sanetis
726 3632 959 3702 canonizatis.
985 3635 1029 3702 Et
1047 3633 1093 3701 ita
1110 3632 1261 3704 decrevit

129 3780 146 3816 e
160 3765 195 3820 et
208 3752 335 3820 servari
350 3747 536 3835 mandavit,
546 3745 603 3818 die
614 3746 655 3818 31
676 3747 817 3839 Augusti
835 3745 939 3816 1680.
954 3775 970 3810 n
986 3745 1101 3843 (Apud
1115 3746 1263 3818 Gardel-

131 3863 210 3952 tini,
229 3864 269 3932 n⁰
286 3862 410 3960 2778.)

181 3979 374 4050 Notandum
390 3993 442 4048 est
456 3976 736 4074 martyrologium
749 3981 941 4048 Romanum
952 4001 971 4046 a
983 3978 1167 4050 Benedieto
1181 3983 1264 4052 XIV

131 4096 234 4166 fuisse
256 4098 465 4184 correctum,
482 4109 516 4165 et
536 4119 614 4166 cum
640 4094 749 4164 forma
775 4095 819 4165 ab
838 4089 912 4191 ipso
931 4093 1154 4166 determinata
1177 4121 1265 4193 prae·

171 4391 209 4460 (l)
227 4390 284 4445 lom
306 4387 453 4444 monuimus
472 4387 536 4462 qnid
559 4387 686 4464 significet
708 4388 736 4443 iu
757 4387 820 4464 stylo
846 4388 1072 4464 congregationum
1090 4388 1264 4446 Romanarum

134 4485 182 4548 iste
203 4477 312 4533 formula
330 4473 357 4534 'et
375 4481 492 4547 omptr'ns
504 4475 550 4533 :id
563 4485 612 4546 est,
623 4475 659 4534 'et
676 4481 790 4547 amptius
814 4483 901 4534 eodem
925 4495 1008 4534 tonso
1027 4495 1079 4534 non
1089 4485 1264 4547 properatin.

1044 4591 1088 4665 ¹9
