3018 5070
232 347 276 420 52
606 403 611 412 .
689 357 894 408 rasorarns

230 529 247 564 a
266 499 370 581 venit,
392 493 618 564 assensionem
644 487 795 558 facimus.
817 488 904 556 Cum
928 487 1063 556 veroin
1090 484 1227 580 reliquis
1256 487 1357 557 disci·

231 612 368 709 «plinis
396 608 555 679 omnibns
579 605 727 702 primum
748 600 863 670 locum
882 601 970 670 ratio
999 614 1124 687 teneat,
1144 617 1357 696 postremum

228 758 247 794 «
263 727 459 814 auctoritas,
475 737 511 795 at
530 718 701 814 theologia
717 711 829 788 tamen
847 741 915 785 una
930 729 981 786 est
1000 717 1117 810 inqua
1133 741 1204 786 nou
1219 732 1288 786 tam
1304 742 1359 788 ra·

229 873 246 908 a
262 842 364 912 tionis
379 840 414 908 in
428 835 634 932 disputando
647 858 749 928 quam
764 831 977 902 auctoritatis
991 846 1164 902 momenta
1176 832 1358 926 quaerenda

227 987 246 1024 u
262 972 341 1028 suut
356 986 371 1021 n
384 954 476 1051 (le.
491 978 517 1038 1,
536 975 610 1045 cap.
629 947 679 1043 2).

249 1132 253 1140 .
277 1073 396 1144 Varias
414 1082 530 1165 postea
553 1065 680 1159 species
695 1063 758 1133 sub
771 1061 937 1159 'praedicto
964 1059 1091 1156 duplici
1115 1062 1267 1132 membru
1287 1062 1358 1134 dis-

229 1190 400 1282 tinguens,
409 1183 525 1252 decem
535 1179 722 1274 praecipuos
735 1176 931 1271 hujusmodi
943 1174 1036 1246 locos
1051 1175 1259 1272 theologicos
1271 1203 1357 1248 enu-

228 1316 347 1387 merat,
367 1330 383 1364 a
399 1285 559 1391 tanquam
574 1292 744 1363 domicilia
762 1294 916 1362 omnium
930 1307 1209 1388 argumentorum
1225 1294 1358 1366 theolo-

227 1447 243 1481 «
261 1385 425 1512 gicorirm,
442 1436 484 1480 ex
500 1411 624 1504 quibus
643 1405 794 1502 theologi
807 1433 925 1477 omnes
939 1432 1016 1478 suas
1030 1411 1356 1504 argumentationes,

229 1532 333 1600 «sive
351 1528 394 1597 ad
419 1523 711 1624 confirmandum,
730 1523 799 1592 sive
825 1523 868 1594 ad
894 1522 1116 1595 refellendum
1137 1525 1323 1596 inveniant.
1337 1557 1354 1592 n

228 1645 329 1741 (ibid.
345 1655 420 1739 cap.'
436 1639 483 1736 3).
505 1642 618 1730 Quam
637 1654 750 1708 tamen
778 1640 1068 1709 enumerationem
1087 1639 1226 1710 'fatetur
1259 1667 1357 1736 posse

228 1760 293 1830 alio
327 1759 428 1828 modo
449 1755 622 1828 institui:
643 1757 850 1824 «Locorum
885 1752 1279 1849 ergo'theologieorum,
1304 1758 1358 1826 iu-

228 1876 357 1969 «quit,
389 1871 566 1976 elenchum
593 1869 825 1972 denariotnos
854 1869 1005 1963 quidem.
1025 1894 1168 1940 numero
1209 1869 1358 1965 comple·

228 2023 244 2058 ι(
261 1993 397 2076 utimur,
416 2014 484 2058 nou
513 1989 621 2082 ignari
642 1984 1006 2081 futuros'aliquos,qui
1028 1984 1160 2084 eosdem
1181 1985 1245 2054 hos
1262 1985 1357 2056 locos

228 2136 245 2170 a
262 2109 296 2176 iu
325 2108 491 2176 minorem
522 2117 701 2173 numerum
725 2101 901 2198 redigant,
921 2100 1020 2171 'alios
1041 2103 1100 2197 qui
1127 2100 1231 2172 velint
1254 2103 1355 2172 etiam

227 2251 244 2286 a
263 2247 334 2292 esse
359 2220 562 2313 majorem...
584 2219 717 2288 Primus
736 2219 840 2312 igitur
855 2215 949 2288 locus
975 2232 1026 2286 est
1041 2218 1233 2288 'auctoritas
1254 2243 1357 2290 sacrae

228 2331 832 2429 aScripturaequaelibriseanonicis
863 2333 1067 2402 continetur.
1101 2332 1277 2403 Secundus
1307 2350 1358 2404 est

228 2453 442 2522 «auctoritas
474 2447 697 2516 traditionum
734 2447 862 2516 Christi
888 2463 923 2516 et
956 2445 1201 2541 apostolorum.
1224 2450 1357 2520 Tertius

226 2597 242 2630 a
260 2564 511 2636 est'auctoritas
534 2561 690 2632 Ecclesiae
705 2560 887 2632 catholica.
905 2563 1055 2646 Quartus
1076 2563 1258 2632 auctoritas
1277 2588 1357 2632 con·

227 2713 244 2748 a
263 2680 441 2763 ciliorum,¹
454 2679 640 2773 praesertim
659 2675 902 2772 generalium...
924 2677 1075 2765 Quintus
1095 2679 1358 2750 auctoritasEc·

228 2795 371 2866 «etesia
395 2798 569 2882 Romanae,
596 2817 670 2886 quae
697 2791 811 2862 divino
839 2789 1017 2887 privilegio
1036 2808 1069 2862 et
1083 2808 1132 2862 est
1152 2807 1187 2864 et
1215 2808 1355 2864 vocatur

228 2907 458 3005 «apostolica.
501 2912 621 2980 Sextus
653 2922 702 2976 est
740 2908 922 2978 auctoritas
960 2921 1154 2977 sanctorum
1194 2922 1358 2980 veterum.

227 3026 435 3120 «Septimus
473 3036 523 3092 est
560 3022 741 3094 auctoritas
786 3020 1024 3117 theologorum
1064 3020 1358 3112 scholasticorum,

227 3171 244 3208 a
262 3142 385 3234 quibus
404 3137 628 3232 adjungemus
651 3137 751 3205 etiam
766 3138 854 3230 juris
876 3135 1042 3230 pontificii
1066 3139 1229 3231 peritos...
1255 3142 1361 3210 Oeta·

226 3285 244 3320 a
262 3280 324 3324 vus
343 3254 428 3324 ratio
455 3249 631 3339 naturalis,
647 3275 722 3343 quae
738 3275 799 3344 per
825 3276 943 3321 omnes
961 3253 1116 3322 scientias
1129 3252 1277 3324 naturali
1307 3254 1360 3326 lu·

226 3371 532 3446 «ritineinventas
553 3366 713 3434 latissime
735 3380 840 3459 patet.
871 3369 989 3439 Nonus
1011 3383 1059 3437 est
1085 3371 1268 3440 auctoritas
1286 3371 1361 3465 phi·

225 3516 243 3552 «
259 3485 525 3580 losophorum...
541 3485 736 3552 Postremus
758 3479 902 3577 denique
924 3497 973 3552 est
995 3483 1150 3556 humanae
1176 3487 1359 3556 auctoritas

226 3601 438 3670 «historiae»
459 3599 567 3692 (Loco
581 3595 714 3692 citato).
1006 3667 1010 3674 ,
1098 3665 1101 3674 ,

237 3768 242 3776 ,
277 3714 449 3784 Praernissa
467 3727 579 3781 autem
597 3710 653 3781 illa
673 3710 874 3805 generaliter
894 3729 1026 3810 recepta
1041 3715 1082 3786 de
1096 3713 1179 3788 locis
1193 3717 1358 3814 theologi·

227 3835 274 3902 cis
292 3833 443 3919 notione,
459 3844 552 3924 patet
575 3829 622 3898 eis
641 3827 813 3925 liturgiam
832 3835 1049 3902 annumerari
1068 3860 1179 3928 posse.
1195 3839 1244 3905 Ut
1265 3837 1357 3906 enim

227 3949 320 4018 locus
332 3945 538 4040 theologicus
550 3945 673 4015 merito
688 3945 822 4016 dicatur
841 3946 990 4044 liturgia,
1007 3949 1134 4022 sufficit
1153 3976 1252 4048 posse
1267 3954 1358 4024 theo·

226 4065 319 4160 logos
333 4089 373 4132 ex
393 4089 432 4132 eo
450 4063 543 4132 fonte
566 4060 798 4134 conclusiones
812 4088 888 4134 suas
906 4080 1013 4138 certas
1027 4067 1148 4139 facere.
1160 4069 1287 4162 'Atqui,
1315 4095 1358 4140 ex

226 4182 401 4275 hucusque
424 4179 588 4274 probatis,
619 4178 769 4251 invocari
793 4194 905 4274 potest
929 4181 1063 4279 liturgia
1087 4185 1355 4278 tauquam'vali·

228 4297 309 4366 du'm
330 4297 481 4366 veritatis
504 4295 700 4391 dogmaticae
725 4312 983 4390 argumentum3
1005 4299 1171 4393 'siquidem
1197 4300 1353 4396 dogmata

226 4437 288 4510 per
297 4403 482 4509 liturgiam,
495 4411 564 4482 sive
577 4410 817 4508 universalem,
827 4413 896 4508 siue
908 4414 1063 4486 Ecclesiae
1076 4418 1249 4504 Romanae,
1264 4416 1354 4488 clare
1373 4490 1377 4499 ,

1493 4367 1494 4406 i

1492 4430 1494 4478 l
