2978 5076
499 403 545 450 DE
569 400 661 450 mute·
680 401 886 450 Ltsttmtco.
1182 405 1249 454 201

124 531 167 601 lis
207 523 474 602 occidentalibus
511 527 705 624 regionibus
742 530 971 626 reperiuntur.
1001 529 1100 601 Circa
1140 555 1257 602 omnes
1290 591 1293 596 .

123 645 320 741 hujusmodi
336 643 504 726 ecclesias,
521 643 676 714 ritibusa
696 643 803 713 latino
817 643 955 714 divensis
969 643 1132 734 addictas,
1145 646 1258 741 inqui·
1291 705 1293 710 .

123 763 269 834 rendum
283 762 430 832 occurrit
450 785 597 854 quonam
616 759 717 830 hodie
731 775 894 855 augentur
909 763 987 854 juce
1009 760 1178 857 liturgico.
1194 761 1256 834 llla

121 894 240 948 autem
254 877 397 974 quaestio
412 877 560 946 breviter
573 890 608 945 et
625 875 724 945 facile
741 875 889 969 expediti
907 891 1029 971 potest,
1039 877 1254 948 ostendendo

121 990 226 1060 dictis
252 988 397 1059 ecclesiis
417 989 574 1074 omnibus
602 989 717 1058 asede
732 988 923 1085 Apostolica
949 991 1124 1086 impositas
1153 992 1256 1062 fuisse

122 1106 369 1176 determinatos
391 1104 480 1174 ritus
509 1119 543 1174 et
568 1105 806 1175 determinatas
828 1104 992 1176 librmum
1020 1105 1254 1202 liturgicarum
1291 1173 1294 1178 ,

121 1218 297 1308 formulas,
311 1245 350 1289 ea
366 1218 438 1314 lege
460 1235 527 1290 uta
548 1218 655 1309 nullo,
674 1221 775 1290 etiam
791 1223 958 1317 Episcopo
971 1238 1032 1292 aut
1050 1222 1254 1316 patriarcha,

122 1335 310 1430 quidquam
326 1336 453 1428 absque
466 1335 614 1428 ejusdem
638 1335 726 1406 sedis
752 1337 850 1407 venia
873 1338 1045 1406 immutari
1062 1339 1193 1432 *possit3
1214 1361 1254 1408 ac

123 1450 270 1543 proinde
282 1473 398 1520 earum
417 1448 635 1519 ecclesiarum
655 1451 835 1520 ordinariis
854 1449 1024 1522 sublatum
1047 1453 1147 1522 fuisse
1165 1453 1253 1548 pais·

122 1587 200 1632 cum
224 1563 283 1658 jus
310 1587 502 1654 commune,
526 1589 604 1634 sues
621 1563 775 1661 liturgias
793 1567 984 1662 corrigendi
1005 1582 1107 1662 atque
1125 1568 1159 1636 in
1183 1591 1251 1638 non

121 1677 405 1749 substantialibus
416 1680 630 1752 immutandi.
652 1682 798 1778 Sitengo

169 1794 373 1889 Propositio.
392 1835 441 1848 ·-
454 1800 536 1864 dana
546 1821 571 1866 a
588 1793 698 1866 antello
718 1811 871 1894 tempore
888 1798 1117 1870 ecclesiarum
1140 1804 1253 1869 orien-

122 1907 252 1980 tatium
267 1907 463 1980 ordinariis
483 1909 605 1980 abluta
630 1927 685 1982 est
701 1928 865 2007 potestas
883 1911 1136 2011 legislativum
1152 1911 1252 1984 litun

115 2025 229 2122 gaona,
246 2025 300 2094 ita
310 2040 349 2094 ut
362 2040 547 2095 centonem
559 2024 639 2095 sedi
650 2027 863 2122 Apostolicoe
879 2043 1068 2098 reservata.
1086 2027 1138 2096 Ad
1149 2051 1251 2121 quam
1287 2081 1290 2088 .

121 2139 242 2210 thesim
266 2140 478 2234 probandam
497 2142 577 2209 satis
596 2143 662 2209 ecit
680 2144 799 2210 citasse
815 2142 1073 2212 constitutiones
1087 2141 1250 2235 quasdam

119 2253 292 2324 Benedicti
307 2258 388 2324 XlV
404 2279 479 2349 quae
497 2279 569 2324 cem
590 2254 809 2350 patefaciunt.
829 2255 1001 2324 Siclaabet
1020 2255 1054 2322 in
1070 2254 1162 2324 bulla
1183 2259 1252 2324 De·

120 2368 332 2440 mandatum
349 2371 399 2467 (in
423 2371 528 2465 ipsius
541 2369 691 2441 Bullanio
709 2385 793 2442 tom.
813 2376 841 2460 1,
856 2369 949 2440 bulla
962 2371 1044 2468 87):
1064 2399 1081 2435 a
1100 2375 1155 2440 De
1173 2372 1250 2440 citi·

120 2515 136 2550 a
155 2487 220 2555 bus
233 2485 338 2580 igitur
355 2500 390 2555 et
404 2486 556 2556 moribus
575 2485 732 2556 Ecclesiae
747 2511 862 2584 gaaecae
877 2485 960 2556 illud
978 2486 1133 2582 inprimis
1149 2509 1250 2582 gene·

118 2629 135 2664 a
154 2602 254 2670 ratim
277 2601 494 2671 statuendum
513 2601 736 2688 decrevimus,
770 2602 897 2672 nemini
919 2601 1051 2672 licuisse
1069 2616 1130 2672 aut
1151 2600 1251 2672 licere

118 2717 277 2810 «quovis
303 2715 403 2784 titulo
433 2730 468 2785 et
495 2713 619 2805 colore,
648 2731 683 2786 et
704 2741 932 2813 quacumque
949 2717 1163 2790 ‘auctoritate
1189 2731 1250 2786 aut

118 2860 135 2895 a
151 2831 336 2926 dignitate·
354 2831 482 2900 etiamsi
508 2830 720 2926 patriarchali
746 2846 806 2900 aut
822 2832 1018 2927 episcopali,
1040 2831 1249 2926 praefulgeat,

35 2947 39 2954 '
119 2944 343 3040 «quidquam
367 2944 541 3034 innovare,
562 2961 622 3016 aut
635 2945 765 3040 aliquid
788 2943 1030 3034 introducere,'
1043 2945 1136 3039 quod
1159 2947 1251 3016 inte-

119 3089 136 3124 α
151 3085 248 3154 gnam
268 3080 487 3154 exactamque
510 3084 627 3131 eorum
652 3061 924 3132 observationem
949 3060 1140 3130 imminuat.
1159 3060 1249 3132 Hinc

119 3203 135 3240 ι
152 3190 216 3264 est,
229 3175 323 3271 quod
340 3174 513 3270 Euthymii
530 3173 611 3244 olim
625 3174 869 3270 archiepiscopi
881 3173 961 3270 Tyri
975 3188 1008 3244 et
1021 3174 1168 3265 Sidonis,
1186 3175 1249 3246 viai

119 3289 306 3384 «alioquin
328 3288 499 3377 catholici,
526 3290 642 3384 reique
663 3289 853 3359 christianae
871 3289 1095 3384 propagandae
1119 3289 1249 3360 studio-

118 3433 134 3469 α
152 3405 287 3494 sissimi‚
299 3405 426 3474 sactum
440 3404 538 3502 (alias
553 3405 596 3474 ab
610 3407 674 3474 hac
692 3406 771 3475 sede
784 3404 980 3500 Apostolioa
992 3406 1034 3475 de
1047 3430 1138 3474 annio
1155 3402 1248 3500 1716

117 3521 410 3617 «improbatum,
435 3522 557 3590 iterum
594 3522 751 3618 cogimur
774 3522 975 3617 reprobam
1004 3519 1248 3614 inductumque

116 3667 133 3701 «
151 3637 456 3706 abeoanctoaitate
468 3637 621 3732 propria,
636 3635 895 3732 inconsultoque
903 3641 1057 3706 Romano
1066 3634 1248 3725 Pontifice,

118 3781 134 3816 a
153 3750 396 3823 nonnullacum
411 3750 569 3822 Ecclesiae
597 3775 712 3848 graecae
734 3751 1018 3821 consuetudinum
1038 3751 1247 3820 immutatio·
1284 3807 1287 3810 .

118 3897 135 3931 a
153 3893 246 3953 atem,
264 3891 472 3954 revocamus,
494 3881 598 3959 atque
617 3867 748 3936 irritam
763 3867 866 3936 fuisse
885 3881 918 3935 et
933 3888 1004 3934 esse
1017 3864 1245 3953 decernimus3

118 4010 134 4046 a
152 4005 340 4075 omnesque
351 3983 386 4050 in
404 3995 579 4075 posterum
595 3995 630 4049 et
646 3979 797 4075 singulos
814 3979 973 4050 Ecclesiae
981 4003 1099 4076 vgraecae
1116 3983 1202 4052 citus
1213 3998 1248 4052 et

118 4125 134 4158 a
155 4121 267 4164 moces
291 4119 310 4164 a
337 4095 655 4189 patribustraditos
676 4096 818 4164 omnino
846 4096 970 4165 servari
1002 4097 1213 4168 mandamus.
1232 4129 1248 4163 a

42 4285 49 4298 ,
118 4215 178 4282 His
194 4215 381 4310 generatim
393 4212 754 4301 statutis,Benedietus
765 4216 848 4284 XlV
859 4212 951 4282 varia
965 4213 999 4281 in
1017 4212 1128 4308 specie
1136 4212 1247 4281 deter-
1286 4271 1289 4277 ,

118 4329 238 4416 minat,
257 4329 347 4398 circa
369 4353 444 4423 quas
456 4329 617 4424 prohibet
630 4355 672 4398 ne
689 4328 757 4398 ulla
774 4328 832 4398 fiat
844 4329 1052 4412 immutatio;
1063 4327 1155 4398 vecbi
1170 4350 1247 4421 gra-

120 4446 163 4514 tia
183 4471 192 4515 :
213 4475 236 4510 a·
244 4443 353 4516 Simili
367 4444 470 4514 modo
483 4443 610 4514 nullam
633 4446 885 4516 innovationem
905 4442 1120 4514 lieridebece
1136 4442 1249 4512 decie-
1289 4501 1290 4506 ,
