2940 5072
243 307 315 380 226
613 371 616 378 .
704 331 907 380 emortuus
996 369 999 376 .

242 484 259 518 ιι
278 454 320 522 de
347 453 498 540 seniores,
523 451 656 546 esquels
692 451 813 525 l’oItice
843 453 937 527 divin
961 477 996 524 se
1027 453 1092 526 tait
1113 455 1143 522 si
1168 453 1362 524 suintunent

243 599 259 632 ιι
280 567 443 662 quoiqu'il
463 569 528 638 soit
553 567 787 641 dissemblable
811 584 845 640 et
866 568 1023 640 different
1048 570 1096 638 du
1118 571 1264 659 roniain,
1285 595 1363 640 nous

247 715 262 748 ι
283 685 382 754 doive
401 685 588 770 ‹irnouvoir‚
614 685 650 754 ni
663 699 786 756 mettre
805 711 847 756 en
869 683 1025 780 scrupule
1038 687 1213 754 etorainte
1231 685 1272 755 de
1287 709 1362 756 con·

245 830 262 864 ι
280 801 433 870 sciente:
456 799 608 871 d’autant
633 823 699 892 que
718 799 749 868 le
766 800 875 870 sainct
895 802 978 872 Pete
998 815 1138 895 excepte
1160 799 1291 870 ceux-Ii
1312 826 1360 870 ex·

246 946 259 977 ι
280 917 487 1008 pressement
506 937 620 1008 parsu
635 913 740 1001 butte,
759 915 984 1008 quiaumient
999 916 1239 986 auccointnme
1258 913 1363 984 d'user

244 1029 319 1098 «de
342 1029 486 1098 certains
508 1043 623 1106 autres
644 1029 826 1098 breviaires
852 1052 1046 1124 approuvez
1069 1029 1186 1124 depuis
1204 1029 1278 1098 leur
1292 1055 1362 1124 pre·

243 1143 383 1228 «mille
412 1143 605 1214 institution
626 1143 674 1212 du
697 1141 795 1239 stege
813 1143 1037 1239 apostolique,
1064 1170 1165 1240 ayans
1187 1145 1275 1214 deux
1291 1170 1362 1214 cens

245 1288 261 1324 ιι
280 1284 341 1328 ans
358 1259 514 1330 rovolus:
530 1259 693 1354 nuxquels
710 1259 732 1330 il
745 1277 877 1355 permet
892 1260 935 1330 tle
951 1260 998 1332 les
1015 1261 1143 1331 retenir
1154 1275 1191 1330 et
1207 1261 1278 1330 dire
1294 1260 1363 1329 lenr

244 1403 259 1438 ι
279 1376 397 1444 ancien
414 1373 537 1455 office:
556 1399 598 1443 en
613 1373 660 1445 lm
682 1375 828 1454 invitant
847 1377 1044 1446 neonmoins
1071 1391 1105 1444 ot
1130 1375 1306 1446 induimnt
1323 1375 1363 1446 tle

243 1520 258 1552 ι
279 1488 424 1583 prendre
442 1487 530 1558 celui
554 1488 608 1558 du.
622 1488 752 1558 concile
775 1489 817 1558 de
840 1493 974 1577 Treute,
996 1515 1084 1583 pour
1106 1487 1137 1558 le
1153 1491 1296 1561 chunter
1323 1517 1363 1560 au

243 1635 258 1666 ιι
276 1606 408 1692 clroeur,
431 1627 513 1672 avec
537 1603 568 1672 le
589 1620 844 1674 consentement
865 1605 908 1674 de
932 1603 1098 1699 l'eresque
1120 1620 1155 1674 et
1177 1606 1219 1674 de
1241 1620 1315 1674 tout
1337 1606 1363 1675 le

243 1749 259 1784 ιι
279 1721 433 1815 cltapitre
460 1749 477 1784 n
501 1719 613 1814 (Loco
630 1719 745 1804 citato,
769 1746 803 1815 p.
831 1719 925 1816 177).

291 1839 368 1906 XV.
397 1837 568 1908 Doctrina
580 1836 746 1929 „gnorent

295 1978 311 2020 ιι
333 1950 433 2040 Quali
455 1950 617 2020 utendum
630 1951 797 2020 breviario
810 1977 819 2019 :
833 1975 876 2020 au
888 1951 1002 2023 adhuc
1020 1953 1162 2044 antiquo
1177 1953 1227 2020 uti
1247 1951 1364 2022 liceat?

241 2097 258 2130 ιι
279 2109 325 2120 --
346 2066 517 2136 Servanda
527 2081 579 2134 est
592 2066 700 2136 Iorma
715 2063 881 2160 generalis
894 2065 1050 2134 breviarii
1064 2063 1178 2132 editio
1196 2067 1232 2134 S.
1253 2066 1313 2134 Pio
1324 2067 1364 2160 V,

243 2211 259 2248 ιι
279 2197 312 2252 et
333 2181 562 2252 confirmatio
585 2179 759 2250 Clemente
778 2183 858 2250 VIII
880 2177 928 2274 (et
949 2180 992 2248 eb
1019 2178 1158 2248 Urbano
1172 2181 1258 2248 VIII
1275 2180 1364 2248 novis

241 2328 257 2362 ιι
279 2299 412 2392 hymnis
434 2296 604 2391 adornati)
618 2297 660 2366 ab
683 2296 840 2368 omnibus
856 2297 891 2364 in
910 2294 1058 2367 Ecclesia
1080 2293 1184 2366 latina
1199 2295 1363 2364 breviario

242 2437 257 2478 ιι
278 2413 466 2500 adstrictis3
482 2413 628 2506 exceptis
651 2410 809 2498 ecclesiis,
823 2435 882 2480 seu
897 2408 1066 2504 capitulis,
1084 2425 1118 2478 et
1144 2412 1363 2498 monasteriis,

241 2559 259 2594 ιι
276 2552 385 2621 quaeu
403 2527 558 2596 ducentis
569 2528 668 2596 annis
685 2526 824 2597 fuerunt
840 2551 899 2594 usa
920 2525 1001 2596 olio.
1021 2525 1078 2594 stc
1102 2526 1191 2594 enim
1214 2549 1363 2619 expresse

242 2671 258 2706 ιι
274 2643 393 2710 statuit
417 2639 473 2709 illa
496 2639 592 2729 Bulla
613 2643 649 2709 S.
667 2641 717 2708 Pii
741 2642 784 2724 V,
803 2639 1006 2710 confirmata
1019 2665 1041 2708 a
1063 2637 1239 2708 Clemente
1254 2653 1290 2708 et
1305 2641 1364 2708 Ur·

243 2787 260 2822 ιι
281 2757 371 2825 bano
390 2757 528 2840 octavis,
541 2755 709 2824 breviario
729 2754 877 2848 praefuta.

292 2902 308 2938 ιι
328 2877 451 2942 Atvero
471 2871 660 2940 necessario
670 2870 714 2938 de
734 2883 901 2966 praecepto
923 2869 1084 2938 servanta
1102 2894 1171 2938 non
1193 2885 1245 2938 est
1260 2869 1362 2938 forma

242 3019 261 3054 ιι
280 2988 434 3058 breviarii
461 2987 589 3056 Urbani
608 2989 689 3058 VIII
715 2986 827 3080 quoad
846 3011 953 3054 novos
975 2985 1140 3076 hymnos:
1159 3009 1253 3070 num,
1275 2999 1313 3053 ut
1326 3009 1361 3052 ex

185 3125 187 3131 ·
243 3133 260 3168 ιι
279 3105 382 3198 ipsius
407 3100 498 3171 bulla
516 3116 619 3196 patet,
638 3103 807 3172 breviaria
832 3101 972 3194 antiqua
984 3103 1020 3170 S.
1038 3101 1089 3170 Pii
1106 3105 1139 3171 V
1160 3115 1196 3170 et
1210 3101 1360 3172 Clemen-

239 3249 260 3284 ιι
279 3219 320 3288 tis
338 3219 417 3288 VIII
442 3217 685 3311 permittuntur
708 3215 870 3310 quamdiu
889 3228 1021 3301 extant3
1046 3229 1080 3282 et
1100 3213 1209 3284 solum
1233 3215 1311 3286 licet
1326 3240 1361 3285 uc

241 3365 259 3399 ιι
278 3334 377 3404 decet
408 3332 457 3402 uti
480 3331 647 3402 breviario
672 3339 824 3401 correcto
848 3331 890 3398 ab
918 3330 1072 3416 Urbano,
1101 3345 1134 3398 et
1163 3331 1304 3426 antiqua
1323 3329 1361 3397 de

239 3476 259 3512 ιι
278 3471 368 3517 novo
392 3446 540 3541 imprimi
567 3446 761 3540 gravissime
784 3446 846 3516 suli
875 3446 1224 3514 excommunicatione
1249 3445 1361 3540 prohi-

238 3589 258 3622 ιι
275 3561 414 3632 bentur.
436 3589 454 3625 n
478 3563 619 3655 (Sporer
641 3562 677 3629 in
698 3559 884 3655 appendice
896 3559 944 3638 ,de
957 3559 1049 3630 horis
1064 3561 1248 3648 canonicis,
1265 3577 1290 3631 t.
1304 3562 1360 3644 Ill,

239 3701 279 3769 p.
296 3672 354 3771 76,
369 3673 451 3745 edit.
470 3679 589 3746 Venet.
609 3673 728 3770 1726.)

291 3794 386 3862 XVI.
403 3792 584 3862 'Doctrina
600 3792 700 3860 Petri
711 3789 911 3863 Ballert'nt':

292 3931 311 3968 ιι
335 3908 384 3973 Ex
399 3904 493 3977 bulla
509 3907 559 3976 Pii
568 3909 601 3976 V
622 3903 726 3995 Quod
736 3930 761 3974 a
775 3903 889 3994 nobit,
906 3928 1024 3976 omnes
1044 3919 1205 3976 tenentur
1226 3906 1363 3976 recitare

238 4045 259 4082 ιι
278 4015 427 4086 officium
450 4020 634 4090 secundum
651 4019 795 4092 ¹formum
811 4020 970 4092 breviarii
991 4021 1146 4105 Romani,
1162 4021 1205 4091 iis
1220 4019 1363 4113 exceptis

236 4162 258 4198 ιι
278 4135 337 4226 qui
353 4131 508 4202 ducentis
523 4148 602 4204 onte
622 4135 773 4206 eamdem
792 4133 919 4204 bullam
932 4135 1034 4204 annis
1049 4133 1215 4231 peculiari
1231 4135 1361 4204 brevia·

239 4277 254 4310 ι
272 4249 323 4316 rio
345 4248 532 4318 utebantur
549 4274 558 4318 :
573 4249 696 4342 quibus
718 4265 830 4320 tamen
852 4249 1059 4344 permittitur
1074 4274 1114 4318 ex
1128 4251 1290 4346 Episcopi
1313 4242 1360 4314 vol

240 4392 258 4427 ι
279 4363 423 4460 prelati,
438 4363 655 4460 uniuersique
669 4364 808 4461 capituli
824 4389 1003 4454 consensu,
1022 4368 1219 4436 Romanum
1238 4365 1362 4434 brevia·
