3004 5070
531 387 577 433 nn
601 385 688 434 runs
712 383 916 432 trroacrco.
1052 348 1055 352 ⁵
1215 357 1285 434 325

96 578 103 598 ,
163 537 231 610 que
247 509 416 584 celebrare
434 513 531 608 juxta
550 513 653 582 ritum
675 515 887 601 Romanum,
915 509 1052 605 quando
1074 511 1200 582 scilicet
1217 514 1288 610 pri·

165 627 268 698 vatim
289 630 407 698 recitat
427 644 461 698 et
484 627 652 716 celebrat,
673 643 746 699 tum
768 640 802 696 et
826 628 964 722 insuper
985 627 1143 698 omnibus
1165 630 1288 720 quibus

165 758 276 840 potest
296 743 402 812 modis
421 743 697 814 reverendissimo
713 744 879 838 Episcopo
897 741 1099 839 supplicare,
1118 761 1289 839 qnatenus

164 875 198 929 et
224 859 368 955 idipsum
393 884 457 954 pro
478 858 595 928 divino
611 857 722 928 officio
741 856 879 953 publico
893 858 1096 953 opportunis
1114 859 1234 930 mediis
1257 877 1292 932 et

164 974 376 1070 temporibus
391 997 591 1071 promovere
606 971 788 1066 dignetur?

214 1089 255 1175 [ιο
280 1089 420 1189 Etiamsi
452 1087 590 1158 ecclesia
617 1088 881 1160 Cenomanensis
903 1088 968 1158 sibi
1000 1088 1042 1158 de
1065 1088 1232 1159 breviario
1256 1105 1291 1161 et

166 1204 289 1276 missali
307 1208 431 1275 iterum
455 1219 559 1299 atque
582 1205 723 1292 iterum,
743 1219 782 1274 ut
801 1203 951 1292 libuerit,
974 1203 1153 1299 providere
1173 1220 1288 1300 queat,

165 1349 209 1393 an
230 1321 418 1392 istiusmodi
445 1320 586 1391 facultas
613 1320 825 1391 extendenda
850 1322 893 1390 sit
920 1321 964 1390 ad
988 1319 1201 1417 pontificale,
1228 1345 1292 1392 cae·

166 1437 349 1508 remouiale
364 1437 632 1532 Episcoporum,
660 1435 939 1532 martyrologium
961 1451 996 1506 et
1020 1435 1142 1506 rituale
1170 1441 1293 1508 Roma-

166 1580 269 1641 num;
295 1555 342 1622 ita
362 1551 518 1622 videlicet
545 1568 582 1621 ut
611 1553 829 1648 praeceptivus
859 1552 1097 1648 praedictorum
1126 1551 1290 1624 librorum

167 1669 320 1766 regulas,
340 1667 505 1738 tolerante
529 1693 650 1763 nempe
669 1683 728 1738 aut
755 1670 971 1763 permittente
993 1669 1169 1738 autetiam
1194 1669 1293 1739 aliter

166 1785 342 1880 quidpiam
354 1797 523 1854 statuente
537 1784 817 1854 reverendissimo
831 1785 1012 1879 Episcopo,
1022 1784 1177 1853 canonici
1189 1783 1290 1854 aliive

167 1900 355 1970 sacerdotes
372 1902 503 1995 possint
516 1898 619 1970 ittaesa
633 1901 836 1970 conscientia
853 1900 1039 1994 infringere
1052 1914 1112 1969 aut
1123 1900 1292 1990 omittere,

166 2017 283 2110 sicque
305 2013 576 2084 reverendissimi
599 2015 758 2109 Episcopi
779 2012 933 2084 voluntas
954 2014 1007 2082 his
1029 2013 1065 2082 in
1091 2013 1223 2084 casibus
1248 2016 1293 2086 sit

166 2156 230 2226 pro
245 2131 324 2224 ipsis
342 2128 514 2198 sufficiens
533 2129 761 2225 dispensatio?

217 2243 256 2314 5⁰
276 2248 400 2315 Utrum
418 2245 548 2339 possint
565 2260 599 2315 et
618 2245 681 2340 ipsi
702 2244 875 2333 canonici,
897 2244 955 2340 qni
974 2269 1012 2314 ex
1030 2245 1172 2339 antiquo
1196 2270 1292 2314 more

166 2384 310 2441 mozetta
328 2385 361 2438 et
380 2369 535 2440 rochetto
559 2370 709 2468 insigniti
727 2385 824 2456 sunt,
850 2371 898 2440 uti
917 2372 1073 2441 rochetto
1096 2372 1132 2440 in
1149 2370 1296 2440 admini-

167 2486 330 2556 stratione
344 2510 401 2556 seu
417 2485 627 2556 confectione
641 2502 930 2558 sacramentorum
940 2502 975 2557 et
985 2485 1291 2578 sacramentalium,

166 2627 272 2697 quum
291 2600 588 2672 reverendissimus
604 2603 791 2699 Episcopus
813 2628 913 2672 usum
929 2603 1074 2673 rochetti
1093 2601 1295 2697 generaliter

166 2732 200 2786 et
225 2742 287 2811 pro
317 2717 435 2812 majori
462 2718 642 2786 seminario
667 2734 820 2788 recenter
846 2719 1066 2814 praeceperit,
1093 2742 1153 2790 seu
1173 2718 1292 2789 saltem

168 2834 378 2928 probaverit,
391 2848 424 2902 et
438 2859 501 2929 pro
516 2833 674 2904 omnibus
688 2837 825 2931 insuper
838 2860 906 2904 suae
920 2835 1069 2904 dioecesis
1084 2837 1296 2930 presbyteris,

170 2949 270 3018 ctiam
285 2950 319 3017 in
334 2965 623 3020 sacramentorum
637 2950 928 3019 administratione
945 2975 980 3019 se
994 2949 1216 3020 toleraturum
1227 2976 1297 3020 esse

171 3079 249 3134 voto
279 3080 312 3134 et
336 3067 463 3161 scripto
490 3065 726 3155 declaraverit,
753 3065 920 3161 quidquid
945 3067 980 3136 in
1009 3067 1216 3136 contrarium
1244 3067 1298 3138 fa·

143 3191 155 3212 ‘³
170 3179 261 3249 ciant
281 3181 513 3252 ceremoniale
531 3182 790 3277 Episcoporum,
807 3181 927 3251 rituale
948 3185 1153 3267 Romanum,
1166 3180 1297 3252 missale

171 3311 205 3364 et
217 3295 425 3390 pontificale,
436 3295 581 3391 licetque
594 3297 688 3370 nulla
698 3298 732 3367 in
746 3297 880 3367 dioecesi
894 3299 1140 3378 Cenomanensi
1154 3303 1294 3393 antiqua

172 3428 231 3482 aut
254 3413 440 3508 usquedum
464 3413 629 3510 generalis
649 3439 710 3511 pro
734 3441 773 3485 ea
798 3440 899 3485 sacrae
917 3413 1060 3512 liturgiae
1077 3415 1294 3512 derogatione

171 3530 319 3598 extiterit
340 3529 571 3600 consuetudo?
654 3621 656 3626 Ι

221 3647 317 3733 Quas
341 3647 478 3739 quidem
500 3671 634 3742 preces,
652 3647 785 3716 insertis
806 3671 884 3715 cnm
901 3645 1032 3735 dubiis,
1055 3645 1089 3715 in
1115 3645 1296 3716 ordinariis

171 3783 272 3830 sacrae
282 3762 413 3833 rituum·
422 3762 702 3858 Congregationis
715 3762 861 3832 comitiis
870 3762 913 3831 ad
923 3763 1123 3833 Vaticanum
1133 3761 1298 3833 hodierna

173 3875 227 3944 die
252 3876 394 3966 habitis,
422 3877 569 3946 referens
590 3878 823 3972 infrascriptus
845 3877 1156 3948 Reverendissimus
1178 3879 1297 3948 Domi-

173 4015 237 4060 nus
254 3993 534 4088 prosecretarins,
552 3994 818 4064 Eminentissimi
833 4008 868 4062 et
882 3993 1165 4063 Reverendissimi
1180 3999 1297 4064 Patres

173 4109 274 4177 sacris
295 4107 427 4177 tuendis
453 4107 574 4177 ritibus
594 4108 784 4204 prepositi,
808 4108 965 4178 omnibns
984 4123 1118 4179 rnaturo
1142 4110 1294 4178 exararioe

174 4223 363 4318 perpensis,
385 4223 637 4295 rescribendum
653 4239 858 4296 censuerunt
874 4250 882 4293 :

224 4337 276 4406 Ad
293 4342 322 4425 I,
343 4341 506 4433 negative.
536 4350 538 4353 ’

223 4453 276 4523 Ad
292 4457 339 4543 Il,
363 4458 528 4548 negative.
