2982 5072
685 389 889 436 fflfflfts

682 591 833 660 carm
856 592 902 657 Π.

227 809 402 859 rorusrss
439 807 673 856 seersum]
715 807 821 854 crues
858 807 1081 870 emersu,
1118 807 1356 856 suerunt!

273 927 520 976 maresiam
543 925 764 974 rmtttnts
786 925 959 971 rmnssa
982 927 1046 971 nsr
1068 925 1184 985 τερα
1210 927 1260 973 an
1287 927 1354 973 sn·

277 1043 402 1091 cestu
425 1043 477 1106 η
503 1042 579 1101 oto
604 1041 774 1088 meone
799 1041 968 1088 maora
997 1043 1048 1087 sn
1072 1042 1257 1088 tsrrarmr
1283 1041 1354 1089 itr-

275 1131 793 1230 moromrsmfitnmrn
818 1157 938 1203 ornrr
962 1155 1107 1203 renem.

273 1352 393 1446 Magni
419 1349 581 1418 momenti
604 1363 655 1417 est
678 1350 782 1418 tbesis
799 1351 872 1418 haec
889 1348 934 1417 ad
950 1347 1187 1418 illustrandam
1205 1347 1291 1442 juris
1309 1347 1355 1417 li-

227 1467 352 1561 turgici
368 1466 561 1552 historiam,
572 1481 676 1560 atque
684 1467 825 1534 omnino
836 1463 1081 1560 perserutanda
1091 1477 1229 1533 utneete
1240 1463 1354 1533 dirimi

225 1583 335 1676 possit
350 1583 581 1651 controversia
600 1581 644 1650 de
655 1583 855 1651 necessitate
869 1595 930 1650 aut
946 1582 1204 1676 opportunitate
1213 1581 1358 1648 unitatis

227 1695 403 1790 liturgica.
415 1697 567 1765 Primum
583 1722 665 1792 ergo
681 1699 786 1767 thesis
800 1721 935 1766 sensum
948 1697 1265 1781 determinabimus3
1280 1711 1354 1765 tum

226 1827 449 1881 monumenta
458 1810 655 1908 colligemus
667 1839 708 1882 ex
723 1816 850 1909 quibus
858 1815 1015 1908 probatio
1022 1815 1131 1882 exnui
1145 1815 1357 1908 possit3pro·

226 1927 399 1998 bationem
409 1928 557 2023 denique
571 1931 676 2024 ipsam
690 1945 918 2000 contexemus.

755 2159 776 2247 s
797 2161 826 2225 1.

517 2326 1061 2425 mammaeam.

281 2539 320 2608 1⁰
342 2539 591 2609 Dumdicimus
595 2557 812 2636 potestatem
828 2540 1063 2638 legu'slutiram
1071 2541 1167 2610 cirea
1174 2539 1353 2640 Iitwgiam

226 2655 426 2750 permissam
455 2654 556 2724 fuisse
578 2655 788 2750 singularum
824 2653 1040 2726 ecclesiarum
1068 2657 1137 2724 sive
1168 2655 1355 2725 dioeceseon

227 2769 385 2866 praelatis,
404 2796 473 2838 non
498 2769 718 2867 intelligimus
740 2787 944 2866 potestatem
974 2774 1063 2842 circa
1091 2769 1278 2842 essentialia
1297 2797 1353 2842 seu

227 2883 454 2956 immutabilia
468 2884 623 2981 liturgiae,
644 2885 678 2954 id
697 2901 758 2974 est,
771 2887 860 2955 circa
881 2885 1068 2955 necessaria
1086 2901 1159 2954 tum
1174 2910 1355 2955 sacrosan-

227 2999 641 3096 ctisacriliciiintegritati‚
650 3016 723 3070 tum
734 3017 1023 3072 sacramentorum
1033 3001 1242 3070 valori.Haec
1251 3001 1355 3093 enim,

227 3131 348 3210 utpote
368 3141 386 3186 a
414 3117 550 3186 Cbristo
567 3116 824 3188 immutabiliter
842 3119 998 3189 instituta
1017 3133 1120 3214 atque
1132 3118 1174 3186 ab
1192 3114 1354 3212 apostolis

227 3230 445 3300 uniformiter
464 3233 670 3326 prescripta,
696 3231 789 3302 nulla
819 3258 968 3327 unquam
998 3231 1147 3328 legitime
1169 3245 1355 3326 potuerunt
1451 3279 1453 3284 -

227 3370 318 3417 nova
335 3345 406 3414 sive
428 3345 674 3441 Episcoporum
690 3347 925 3444 singulorum,
950 3349 1018 3417 sive
1038 3347 1244 3442 synodorum
1263 3347 1354 3416 ordi·

227 3462 365 3530 natione
387 3457 535 3531 alterari.
562 3464 682 3558 Neque
703 3465 804 3532 etiam
837 3461 1057 3560 intelligimus
1076 3489 1114 3531 ea
1133 3476 1258 3557 puncta
1282 3485 1355 3553 quae

224 3575 370 3644 Romani
379 3575 663 3646 Pontificesvariis
674 3578 883 3672 temporibus
897 3577 1056 3647 omuibus
1069 3575 1218 3647 ecclesiis
1242 3575 1355 3644 obser-

226 3687 337 3757 vanda
360 3691 647 3784 praescripserunt.
669 3693 763 3782 Quas
782 3693 873 3788 leges
894 3691 1067 3788 liturgicus
1093 3689 1194 3760 semel
1213 3689 1298 3760 latas
1322 3701 1356 3758 et

228 3803 265 3872 in
284 3805 416 3899 praxim
437 3790 837 3880 universalem'inductas
854 3807 947 3879 nulla
965 3823 1086 3904 praeter
1097 3807 1185 3877 sedis
1207 3809 1355 3902 Aposto-

227 3913 300 3986 licoe
321 3920 504 3990 auctoritas
516 3923 628 4018 potuit
637 3923 802 4020 abrogare
818 3940 877 3993 aut
892 3925 1084 3993 immutare.
1104 3927 1150 3992 At
1164 3947 1243 3992 vero
1260 3921 1355 3991 iubis

227 4027 363 4101 duobus
382 4033 449 4105 fixo
465 4054 661 4108 remanente
678 4055 780 4134 atque
794 4066 812 4108 a
831 4037 974 4136 siugulis
990 4039 1167 4135 Episcopis
1182 4035 1354 4133 etsynodis

228 4146 457 4244 regionalibus
477 4151 621 4224 fideliter
639 4155 802 4226 servando
826 4154 984 4251 liturgico
1013 4156 1104 4250 jure,
1132 4152 1354 4248 amplissimus

226 4349 279 4406 ries
298 4349 325 4406 in
347 4351 439 4410 eximio
456 4373 532 4431 opere
554 4357 674 4433 Prosperi
695 4357 856 4430 Gueranger,
881 4357 979 4412 abbatis
999 4357 1174 4430 subenensis,
1199 4355 1241 4410 eui
1265 4353 1353 4410 titulus

228 4440 396 4498 mutatum
406 4447 619 4514 lituratum:
629 4465 681 4519 quo
695 4462 778 4520 panus
789 4445 833 4502 bie
845 4445 956 4502 adducta
968 4446 1125 4520 excepimus.
