2982 5072
698 391 906 439 mnis

702 639 850 707 utrm
875 640 903 705 Ι.

239 887 371 940 surm
395 887 443 932 ΑΒ
472 881 649 932 mentm
677 879 844 930 nonnil!
868 881 994 930 ΙῸΙΙᾸ
1018 881 1199 928 mrtncffl
1223 881 1287 928 am
1306 882 1366 930 n·

289 1004 393 1052 rcum
418 1000 553 1050 citerus
578 998 713 1057 quun
732 997 993 1046 omniura
1019 995 1107 1044 rulr
1130 998 1249 1057 amun
1275 995 1366 1046 m·

289 1120 462 1168 scama:
485 1117 598 1162 VAMA
616 1115 743 1162 ΤΔΙΕΕ
758 1115 797 1161 1³
815 1111 1130 1162 Afflfflssfflffl
1151 1114 1222 1160 no
1245 1112 1367 1162 Vfflss

291 1237 407 1284 le'slO
423 1234 495 1280 111111
501 1231 603 1278 narts
624 1229 810 1278 ECGOESIIS·

289 1445 318 1510 l.
334 1444 491 1509 Formam
511 1434 656 1528 liturgia·
674 1434 718 1502 ab
742 1432 824 1527 ipsis
845 1430 1022 1526 Apostolis
1040 1431 1300 1502 determinatam
1315 1446 1366 1502 at·

240 1580 307 1652 que
324 1555 554 1652 praescriptam
579 1550 684 1626 fuisoe
704 1550 847 1644 prebui
868 1564 994 1646 potest,
1011 1563 1087 1622 tun
1106 1549 1269 1644 aptiori,
1294 1563 1366 1620 tum

241 1671 471 1742 monumentis
485 1663 732 1737 ecclesiasticis.

291 1789 333 1853 Et
352 1785 462 1878 primo
483 1779 622 1875 quidem
643 1805 713 1849 non
735 1792 925 1874 potnerunt
947 1775 1100 1874 Apostoli
1119 1803 1189 1848 non
1212 1780 1367 1875 praescri·

241 1904 321 1972 bere
345 1899 567 1970 determinate
588 1923 664 1992 quae
684 1912 766 1967 sunt
783 1895 971 1992 integritati
985 1895 1184 1966 sanctissimi
1205 1895 1368 1968 Euchari-

240 2017 312 2087 stiae
334 2013 499 2102 sacrificii,
519 2028 555 2082 ct
574 2026 864 2082 sacramentorum
887 2010 994 2082 ralori
1013 2013 1212 2082 necessaria.
1237 2015 1314 2082 Imo
1334 2012 1368 2082 in

242 2133 313 2203 istis
333 2131 476 2225 liturgiae
496 2127 729 2198 essentialibus
744 2153 805 2198 nec
826 2128 939 2223 potnit
959 2153 1030 2198 esse
1054 2153 1117 2198 nec
1135 2127 1200 2198 fuit
1218 2153 1368 2222 unquam

242 2246 277 2315 in
297 2245 444 2316 ecclesiis
464 2243 638 2316 catholicis
652 2241 720 2314 ulla
743 2243 935 2314 diversitas.
952 2245 989 2314 Si
1006 2243 1097 2313 enim
1119 2242 1276 2338 Apostoli
1297 2245 1368 2317 haec

240 2361 331 2433 clare
345 2378 379 2431 et
401 2359 624 2430 determinate
640 2384 710 2428 non
729 2359 952 2429 instituissent
969 2358 1145 2450 servanda,
1157 2358 1314 2430 ecclesias
1327 2363 1368 2432 ab

241 2477 324 2574 ipsis
349 2475 508 2544 fundatas
533 2474 763 2566 exposuissent
786 2469 938 2568 periculo
962 2473 1110 2544 habendi
1125 2497 1190 2570 pro
1210 2473 1298 2542 veris
1316 2499 1368 2544 sa·

241 2589 422 2662 crementis
448 2590 534 2657 ritus
562 2588 623 2682 qui
656 2603 865 2658 sacramenta
891 2613 962 2658 non
994 2589 1147 2676 fuissent,
1174 2604 1209 2658 et
1235 2587 1368 2660 colendi

242 2722 417 2800 tamquam
443 2718 642 2798 praesentem
663 2701 851 2791 Christum,
876 2728 955 2774 cum
980 2719 1106 2794 tamen,
1129 2730 1199 2773 non
1228 2705 1367 2776 servatis

241 2821 397 2894 sacrificii
411 2819 624 2889 eucharistici
636 2818 905 2908 conditionibus,
920 2845 1068 2916 praesens
1085 2819 1224 2890 minime
1237 2820 1367 2891 fuisset.

292 2935 360 3006 Sed
381 2951 417 3005 et
437 2932 543 3004 multa
567 2958 643 3028 quae
662 2931 707 3003 ad
729 2931 969 3004 accidentalem
987 2949 1022 3005 et
1040 2931 1200 3004 mobilem
1224 2933 1367 3032 liturgiae

241 3054 386 3126 formam
412 3052 604 3146 pertinent,
622 3049 666 3119 ab
686 3049 859 3145 Apostolis
879 3051 1036 3121 instituta
1056 3065 1157 3146 atque
1172 3053 1367 3149 prescripta

240 3167 343 3240 fuisse
374 3163 566 3236 nullatenus
595 3163 822 3233 dubitandum
854 3180 916 3235 est.
943 3169 1033 3238 Cum
1060 3167 1151 3236 enim
1177 3181 1301 3260 agatm
1327 3165 1368 3236 de

240 3281 338 3354 cultu
351 3295 504 3370 externo,
528 3304 597 3349 non
613 3303 634 3348 3
649 3276 791 3374 singulis
810 3280 983 3374 privatim,
995 3279 1053 3351 sed
1071 3282 1115 3352 ab
1128 3280 1287 3352 omnibus
1301 3286 1368 3355 Ec·

239 3399 350 3470 clcsiae
374 3397 538 3492 cujusque
564 3391 722 3466 fidelihus
752 3395 921 3466 socialiter
953 3412 988 3466 et
1016 3398 1052 3466 in
1080 3401 1255 3470 communi
1274 3426 1368 3471 exer·

240 3503 363 3600 ceddo,
392 3511 456 3582 nisi
482 3509 598 3581 multae
621 3510 711 3580 circa
735 3510 808 3580 haec
827 3511 1047 3583 accidentalia
1069 3529 1204 3586 statute
1226 3515 1368 3588 fuissent

240 3627 376 3722 regulae,
400 3627 515 3696 omnia
533 3625 689 3716 fuissent,
719 3651 788 3694 non
809 3627 882 3696 sine
901 3653 1034 3697 summo
1063 3627 1235 3728 religionis
1261 3631 1366 3703 detri-

240 3758 370 3833 mento,
383 3741 583 3813 confusione
596 3739 708 3836 plena.
726 3741 815 3830 Quis
832 3769 901 3813 non
919 3742 1010 3814 videt
1031 3743 1187 3818 debuisse
1208 3774 1272 3844 pro
1287 3747 1367 3818 fide-

240 3858 324 3929 lium
347 3857 596 3954 congressibus,
625 3881 688 3948 pro
710 3854 919 3928 celebrandis
941 3857 1072 3930 divinis
1093 3863 1273 3956 mysteriis,
1305 3889 1365 3958 pro

238 3972 408 4044 solvendis
429 3977 502 4042 Deo
522 3969 680 4042 laudibus
698 3989 807 4044 certas
829 3976 931 4046 horas
948 3977 1134 4048 constitui?
1152 3983 1268 4048 Preces
1289 3981 1365 4076 ipsae

237 4103 273 4159 ct
291 4088 407 4183 hymni
432 4085 632 4182 spirituales,
657 4113 735 4157 cum
757 4115 953 4162 communes
977 4117 1049 4164 esse
1073 4091 1265 4184 debuerint,
1293 4097 1366 4190 quis

238 4229 309 4275 non
332 4202 424 4272 videt
438 4201 591 4272 debuisse
614 4217 649 4273 et
665 4203 830 4274 formulas
851 4204 995 4301 aliquas,
1014 4222 1048 4278 et
1064 4207 1212 4304 aliquem
1227 4210 1264 4278 in
1287 4235 1366 4280 con·

237 4318 406 4391 veniendo
427 4335 460 4390 et
482 4319 628 4390 sedendo
648 4321 803 4392 ordinem
833 4321 959 4395 indici?
976 4327 1134 4420 Cumque
1155 4324 1364 4396 adorandum

237 4436 441 4509 sacrificium
463 4451 549 4510 esset
573 4438 616 4508 ab
641 4437 812 4536 Episcopo
837 4463 915 4512 cum
934 4440 1099 4514 ministris
1125 4439 1362 4514 celebrandum
