3004 5070
235 352 306 439 dod
690 373 898 422 ursmarus

128 529 140 550 ·
232 503 462 601 (Rutullaldus
474 515 657 572 comment.
672 501 706 569 iu
718 499 862 588 Rituale,
877 501 932 572 tit.
946 525 981 587 a,
993 499 1035 569 n⁰
1053 499 1228 597 16).111ο111
1241 519 1365 572 auctor

233 621 335 692 citata
352 618 508 712 sequenti
519 613 665 688 Ritualis
678 613 897 710 dispositione
910 643 919 686 1
930 614 1072 686 11111111
1088 616 1186 688 hune
1195 617 1362 688 ritualem

233 733 311 831 (uti
323 732 551 830 opussuen't)
566 755 709 826 semper
724 755 804 801 cum
821 729 1050 818 nominabit,
1068 757 1190 804 secum
1205 731 1362 821 babebit,

233 853 388 948 titioque
409 865 444 920 et
464 849 695 920 ceremonias
716 847 755 916 in
770 872 813 918 eu
832 851 1064 944 praescriptas
1085 847 1272 946 diligenter
1288 875 1364 920 ser-

232 965 358 1051 vabr't,·
386 967 422 1035 in
454 979 584 1035 textum
613 965 706 1033 bunc
736 965 784 1032 sic
812 962 945 1032 disserit
968 989 1017 1032 ze
1047 963 1253 1034 Eliminandi
1282 982 1364 1036 sunt

237 1111 255 1146 ι
277 1083 382 1177 igitur
399 1082 605 1175 quicumque
623 1077 680 1148 alii
700 1077 777 1147 libri
795 1077 838 1148 ad
854 1103 951 1148 usum
969 1077 1143 1149 ritualium
1159 1079 1366 1152 elaborati...

237 1228 254 1262 a
276 1197 464 1268 Advertant
477 1197 626 1288 iusuper,
635 1209 674 1264 ut
683 1193 797 1264 rituali
810 1199 968 1266 Romano
979 1210 1203 1288 quoutuutur
1217 1195 1364 1289 dernptae

237 1343 255 1378 a
276 1315 345 1384 sint
360 1337 478 1382 omnes
493 1309 683 1379 additiones
696 1309 794 1378 luctae
806 1324 841 1378 et
858 1307 974 1380 forsan
993 1310 1154 1380 faciendae
1168 1322 1244 1404 post
1255 1313 1364 1382 refor-

236 1459 254 1494 α
278 1429 462 1498 mationem
483 1428 518 1495 S.
541 1424 712 1494 memoriae
732 1423 828 1494 Pauli
845 1426 886 1509 V,
904 1425 978 1493 sine
993 1425 1241 1519 approbatione
1260 1451 1364 1498 sacrae

237 1573 255 1608 α
276 1545 404 1612 rituum
422 1539 735 1636 congregationis»
752 1537 820 1631 (tit.
839 1563 876 1625 a,
892 1535 1019 1636 n⁰-85).
1038 1568 1056 1604 a
1074 1539 1233 1610 Strictius
1249 1556 1363 1612 tamen

236 1688 255 1724 a
276 1661 311 1728 in
325 1682 405 1726 casu
427 1670 557 1739 nostro,
574 1655 710 1748 praecise
726 1668 761 1722 et
781 1652 815 1720 in
838 1652 990 1722 tunninio
1005 1651 1047 1722 de
1069 1654 1213 1724 rubricis
1230 1653 1364 1724 ritualis

236 1804 254 1840 a
282 1772 423 1844 Romani
443 1769 595 1863 loquitur
609 1766 788 1838 clericatus
805 1766 863 1860 (de
880 1770 975 1838 Sacc.
993 1769 1086 1862 bapt.
1101 1768 1172 1840 dec.
1190 1768 1250 1854 34,
1270 1797 1305 1840 n.
1325 1769 1363 1854 3;

236 1919 255 1954 a
280 1888 356 1957 dec.
377 1886 439 1973 66,
456 1911 492 1956 n.
516 1883 575 1980 19)
594 1909 673 1954 cum
694 1882 887 1969 Menocbio,
901 1885 1043 1952 Lottero
1061 1899 1095 1952 et
1113 1882 1199 1972 aliis,
1212 1887 1273 1980 qui
1291 1911 1364 1956 esse

237 2031 255 2068 a
280 2002 321 2070 dc
344 2013 512 2096 praeccpto
527 1999 589 2068 has
610 1997 766 2066 rubricas
784 2011 950 2082 asserunt,
965 1997 1109 2092 ideoque
1130 1999 1282 2093 obligare
1300 2003 1364 2070 sub

238 2145 256 2182 a
276 2112 425 2200 mortali,
440 2138 519 2184 cum
533 2112 680 2181 babeant
694 2111 762 2178 vim
779 2108 861 2205 legis
874 2136 913 2180 ex
926 2110 1063 2182 decreto
1075 2111 1211 2182 concilii
1223 2115 1366 2184 Triden-

237 2261 255 2298 a
277 2231 338 2300 tini
364 2229 456 2324 (sess.
478 2253 515 2325 7,
535 2252 609 2296 can.
633 2224 701 2320 13.)
722 2255 740 2292 a
761 2224 994 2319 (bar-ulialdus
1013 2251 1138 2296 comm.
1165 2229 1200 2296 in
1224 2229 1362 2316 rituale,

235 2351 289 2420 tit.
316 2374 348 2428 t,
368 2374 402 2417 n.
429 2352 502 2439 to.)
522 2373 540 2410 a
561 2343 627 2412 Hic
641 2339 774 2410 ritualis
790 2340 877 2428 liber
892 2340 1040 2434 denique
1059 2358 1195 2436 paratus
1218 2370 1290 2416 esse
1307 2346 1366 2416 de·

237 2495 255 2529 a
281 2465 356 2550 bet,
375 2477 413 2532 ut
433 2461 498 2530 rite
521 2474 554 2528 et
572 2471 662 2526 recte
685 2455 725 2524 de
750 2481 846 2524 more
858 2455 1016 2526 Ecclesiae
1032 2459 1194 2530 Romane
1213 2460 1271 2530 fiat
1293 2461 1363 2532 baec

237 2609 255 2643 α
278 2576 490 2663 benedictio,
512 2595 573 2642 nec
594 2570 723 2664 aliquid
747 2570 995 2665 superaddatur
1017 2597 1103 2644 uere
1128 2575 1362 2646 imminuatur.

238 2723 256 2760 c
280 2697 450 2764 Arcentur
471 2689 586 2780 itaque
602 2710 721 2756 omnes
735 2684 793 2754 alii
807 2685 884 2756 libri
902 2687 961 2779 qui
983 2687 1069 2757 ritus
1084 2688 1361 2762 benedictionum

237 2838 254 2876 a
276 2818 439 2889 statuant,
451 2801 511 2896 qui
525 2803 709 2870 aRomana
722 2795 868 2868 Ecclesia
881 2801 1061 2895 approbati
1074 2827 1143 2872 uon
1158 2804 1227 2872 siut
1236 2820 1271 2873 et
1285 2805 1361 2874 vul·

233 2955 250 2990 α
271 2923 352 3019 gati.
373 2923 462 2990 Cum
476 2940 557 2985 vero
576 2929 725 2984 mentem
740 2928 873 2982 mutare
891 2913 979 2982 etde
997 2917 1172 3010 proposito
1190 2917 1361 2989 discedere

234 3036 423 3108 «homines
442 3028 541 3102 facite
563 3028 708 3122 possint,
729 3042 827 3099 caute
850 3031 1024 3124 provisum
1054 3029 1119 3099 fuit
1137 3055 1179 3100 ne
1198 3033 1361 3127 cuiquam

233 3183 250 3219 e
273 3151 389 3222 liceret
406 3149 585 3216 immutare
608 3144 788 3212 minimum
814 3145 975 3230 verbum,
994 3144 1044 3213 vel
1068 3145 1283 3219 introducere
1304 3173 1361 3218 no·

233 3296 251 3333 a
270 3291 328 3336 vas
346 3261 573 3346 caercmouias,
590 3259 718 3351 absque
736 3283 891 3354 expressa
911 3258 1045 3328 licentia
1067 3263 1102 3330 S.
1122 3261 1248 3330 rituum
1265 3265 1360 3332 Cou-

233 3412 251 3449 α
269 3376 486 3476 gregationis.
514 3372 584 3463 Qui
606 3399 701 3444 secus
729 3373 887 3461 feceriut,
912 3400 968 3446 eos
992 3374 1283 3446 animadversione
1308 3378 1361 3446 di·

234 3528 252 3564 a
272 3522 357 3594 gnos
387 3493 518 3564 censuit
552 3494 590 3560 S.
629 3490 759 3558 rituum
792 3491 1023 3585 Congregatiu
1058 3514 1099 3560 12
1134 3515 1212 3562 nov·
1247 3490 1360 3579 1605,

233 3628 307 3684 aet
339 3635 380 3682 lu
407 3609 486 3679 maii
521 3605 634 3692 1611,
666 3629 727 3700 per
753 3603 850 3700 alleg.
882 3631 901 3674 a
938 3606 1087 3674 Barbosa
1114 3619 1148 3676 et
1180 3609 1359 3693 Corsctto,

233 3741 372 3800 «tract.
403 3751 444 3810 a,
468 3749 500 3818 p.
526 3745 554 3812 1,
582 3735 665 3792 sect.
697 3744 710 3790 1
738 3719 815 3790 add.
838 3750 855 3786 1
884 3720 1124 3816 (Baruffaldus
1145 3723 1181 3793 iu
1203 3723 1358 3814 Rituule,

234 3847 289 3917 tit.
313 3869 349 3933 a,
370 3869 405 3914 u.
425 3838 475 3935 4.)

282 3957 443 4028 Eamdem
460 3955 650 4024 doctrinam
668 3967 759 4024 tenet
771 3966 955 4027 annotator
973 3953 1084 4024 octavi
1099 3951 1281 4026 voluminis
1294 3955 1360 4026 col-

233 4074 388 4146 lectionis
409 4068 633 4142 Gradellianae
652 4067 864 4138 decretorum
887 4094 989 4138 merae
1007 4071 1291 4164 Congregationis
1310 4073 1360 4143 ri·

232 4206 363 4262 tuum:
396 4189 510 4256 «Post
537 4184 831 4272 reformationem,
853 4185 983 4279 inquit,
1012 4185 1295 4280 adprobationem
1324 4205 1358 4258 et

232 4304 517 4399 «evulgationem
537 4300 681 4372 missalis
701 4299 917 4394 pontificalis,
937 4299 1192 4386 recensuistis,
1213 4302 1356 4389 ritualis,

232 4453 251 4491 α
267 4419 438 4512 breviarii,
458 4416 542 4490 nibil
555 4415 649 4504 addi,
669 4415 754 4494 nibil
767 4416 915 4502 detrahi,
931 4415 1018 4488 nibil
1034 4417 1208 4490 imnum
1224 4433 1355 4513 potest,

1482 4665 1493 5038 l
