2978 5076
500 401 547 446 ur:
571 400 657 446 rurs
683 400 890 454 ntruucrco.
1183 385 1255 478 249

126 557 144 592 a
159 525 293 621 quoties
312 528 505 597 Romanum
529 549 704 618 nunqurun
726 539 776 594 est
798 526 997 615 recitatum
1018 528 1183 622 quinimo
1202 529 1256 600 de·

125 671 143 705 α
161 657 291 713 cretum
314 641 466 735 exposcit
490 665 591 710 usum
614 638 769 709 breviarii
791 641 936 712 Romani
965 641 1037 735 jam
1061 642 1253 732 inductum,

126 757 200 842 aad
218 781 319 850 quem
347 754 576 856 inducendum
594 771 663 826 tres
682 755 727 826 ad
747 755 859 824 minus
877 771 973 826 actus
993 757 1191 853 exiguntur.
1214 763 1255 830 In

124 903 141 937 α
157 872 352 967 oppositum
380 870 530 958 iaciunt,
556 871 652 965 quod
670 896 731 967 per
752 897 954 942 eonsensum
991 871 1093 942 semel
1128 875 1258 969 praesti·

127 1003 232 1058 utum
262 985 438 1082 privilegio
459 986 618 1056 breviarii
646 987 776 1082 proprii
801 987 845 1056 sit
866 988 1103 1060 renuntiatum
1128 1004 1163 1058 et
1184 992 1256 1060 Ro·

126 1129 300 1174 nmanum
326 1116 566 1196 acceptatum,
591 1126 661 1172 non
698 1104 856 1172 obstante
890 1104 1067 1198 posteriori
1106 1103 1255 1174 dissensu

114 1249 145 1308 ,ιι
158 1219 218 1313 qui
238 1243 308 1288 non
336 1232 386 1287 est
405 1216 643 1304 attendendus,
665 1217 763 1310 juxta
783 1216 935 1312 regulam
956 1217 1060 1306 illam,
1081 1216 1177 1316 qnod
1200 1243 1258 1288 se·

125 1364 143 1399 a
156 1332 231 1404 mel
242 1332 397 1428 placuit,
410 1330 568 1428 amplius
586 1330 770 1430 displicere
781 1357 853 1402 non
862 1348 996 1430 potest.
1018 1333 1153 1422 Quibus
1170 1358 1256 1427 pon·

125 1479 144 1514 a
160 1449 298 1534 deratis,
312 1463 349 1521 tu
364 1447 472 1542 judex
490 1463 562 1518 esto
586 1473 595 1518 :
618 1447 716 1518 nobis
736 1471 883 1542 namque
903 1449 1009 1546 magis
1030 1448 1155 1520 arridet
1178 1473 1256 1517 sen·

126 1593 144 1628 a
161 1564 268 1634 tentia
287 1561 434 1632 libertati
453 1561 661 1632 favorabilis.
679 1561 906 1660 s(Cavalieri‚
921 1589 997 1660 cap.
1015 1562 1077 1652 43,
1097 1564 1257 1660 decret-9

127 1693 223 1748 tomo
244 1682 288 1768 ΙΙ,
308 1703 385 1775 pag.
407 1678 486 1774 193,
508 1677 587 1750 edit.
603 1682 743 1766 Vener„
770 1678 888 1776 ¹77⁰·)

177 1795 216 1862 2⁰
230 1792 361 1864 Deduci
380 1793 482 1862 etiam
501 1791 591 1864 facili
610 1793 789 1863 ratiocinio
808 1808 921 1889 potest
936 1792 1109 1864 conclusio
1126 1821 1165 1864 ex
1184 1795 1258 1890 ipso

125 1910 222 1982 Piani
235 1909 361 1988 decreti
378 1922 509 1980 tenore.
532 1913 572 1978 In
586 1907 688 1978 bullis
703 1909 793 1979 enim
809 1910 922 1982 Pinnis
944 1911 1160 2004 excipiuntur
1180 1927 1258 1981 tan·

126 2039 202 2094 tum
225 2021 371 2095 ecclesia
387 2047 462 2118 quae
488 2022 624 2120 liturgia
652 2047 723 2092 noo
754 2023 853 2092 annis
881 2025 1071 2118 antiquiore
1097 2025 1257 2118 gaudent.

125 2138 193 2212 Sed
230 2135 385 2208 Ecclesiae
409 2163 484 2233 quae
510 2138 564 2207 bis
588 2129 788 2208 centenariae
808 2163 875 2208 suae
904 2124 1048 2233 liturgiae
1074 2164 1185 2227 usum,
1214 2141 1257 2210 ad

124 2255 266 2324 Piauam
302 2254 499 2350 migrando,
532 2257 809 2349 interruperunt,
833 2258 903 2350 jam
928 2271 1104 2350 nequeunt
1128 2282 1259 2351 posses·

126 2371 259 2438 sionem
278 2394 373 2439 suam
390 2369 805 2443 ducentorumannorum
822 2369 987 2465 allegare;
1009 2373 1089 2467 quia
1103 2371 1175 2465 jam
1195 2371 1258 2444 fal-

126 2508 203 2567 sum
225 2498 275 2552 est
288 2507 343 2553 eas
366 2484 414 2554 uti
430 2465 567 2578 liturgia
585 2508 655 2554 noo
675 2484 774 2554 aunis
793 2485 998 2578 antiquiore.
1015 2481 1109 2579 Ergo
1127 2499 1259 2556 attento

41 2578 46 2585 ,
127 2599 234 2694 ipsius
244 2597 369 2676 decreti
384 2613 500 2668 tenore
508 2600 579 2692 jam
589 2600 650 2668 sub
664 2599 864 2694 exceptione
875 2625 943 2669 non
962 2601 1258 2696 comprehendun-

127 2729 207 2803 tur;
226 2739 308 2809 ergo
318 2713 465 2784 ecclesiis
475 2739 493 2784 a
503 2713 641 2784 decreto
656 2739 727 2784 non
740 2715 888 2809 exceptis
901 2717 1162 2789 annumerandae
1172 2731 1260 2788 suut.

114 2903 120 2910 ,
178 2827 218 2898 3⁰
239 2829 335 2900 Idem
355 2829 489 2900 taudem
506 2844 639 2900 constat
662 2855 701 2898 ex
727 2832 900 2903 communi
925 2831 1106 2902 doctorum
1127 2847 1260 2902 senteu-

127 2946 189 3014 tia.
216 2948 390 3039 legantur
421 2969 539 3014 eorum
577 2945 767 3018 testimonia
795 2946 828 3014 in
854 2947 1022 3042 superiori
1045 2949 1259 3041 paragrapho

126 3063 286 3150 collecta,
304 3079 339 3134 et
356 3065 545 3159 reperietur
569 3088 686 3132 omnes
701 3089 778 3135 cum
798 3066 956 3134 Sunresio
971 3090 1049 3138 ,rem
1073 3079 1111 3134 ut
1131 3079 1257 3136 certam

127 3179 270 3262 babere.

176 3292 371 3388 Propositio
393 3299 435 3390 7⁸.
455 3299 489 3362 A
511 3309 665 3390 tempore
686 3299 721 3364 S.
742 3296 802 3364 Pr'r‘
818 3299 863 3384 V,
877 3293 1011 3391 duplex
1028 3295 1170 3394 liturgia
1188 3301 1258 3366 tta-

127 3431 239 3476 muna
259 3404 509 3504 distinguenda
536 3424 601 3496 est,
624 3424 662 3477 ιιι
680 3408 840 3504 ‹amsani›
862 3425 899 3478 ct
914 3407 1179 3506 anaplu'lmlogr'a
1195 3413 1255 3479 νι-

128 3537 231 3608 tetur,
250 3537 285 3592 et
291 3520 380 3618 juro
387 3547 456 3618 pm
475 3537 627 3620 utraque
645 3537 737 3592 recte
751 3521 1138 3594 cleter·mr'ncntur.-Ex
1151 3548 1255 3619 supra

128 3639 302 3736 expositis,
319 3653 398 3708 ante
421 3636 698 3708 reformationem
718 3640 855 3708 Pinnem
874 3638 1020 3735 liturgiae
1038 3639 1141 3710 totius
1159 3639 1257 3709 Occi·

127 3751 239 3822 dentis
263 3754 419 3848 (excepto
445 3754 672 3824 Ambrosiano
691 3768 725 3823 et
750 3755 962 3824 lllozarabico
985 3755 1069 3844 ritu)
1090 3753 1155 3822 dici
1170 3751 1258 3822 sole-

106 3931 110 3940 .
126 3867 211 3937 bant
226 3873 407 3955 Romanae,
425 3869 504 3963 quia
520 3869 642 3938 eaedem
658 3869 768 3964 quoad
784 3871 1006 3940 substantiam
1026 3894 1103 3938 cum
1119 3868 1254 3964 liturgia

126 3981 285 4056 Ecclesia
302 3988 476 4058 Romanas
489 3983 674 4077 aliquando
693 3983 839 4072 fuerant,
861 3998 894 4053 et
912 3981 1179 4055 substantialiter
1198 3999 1256 4054 ta-

126 4096 175 4173 tes
190 4112 432 4169 remanserant.
454 4099 611 4172 Diversae,
631 4113 743 4168 tamen
763 4100 797 4167 in
817 4097 931 4170 multis
944 4115 1054 4188 erunt,
1077 4114 1148 4171 tum
1166 4101 1256 4168 inter

124 4235 174 4296 se,
194 4226 303 4280 tuma
331 4209 467 4306 liturgia
485 4209 597 4306 qualis
617 4227 770 4307 tempore
785 4215 820 4283 S.
848 4214 897 4284 Pii
913 4217 945 4286 V
971 4217 1087 4286 Romae
1105 4213 1252 4308 vigebat.

126 4323 306 4416 Ecclesias,
321 4349 399 4419 quae
416 4324 592 4420 aliquaex
608 4326 804 4422 hujusmodi
832 4329 1002 4400 Romanis·
1020 4328 1169 4420 liturgiis
1189 4327 1255 4396 dn·

123 4440 234 4511 centis
246 4441 345 4513 anuis
360 4441 553 4536 antiquiore
569 4443 764 4531 utebantur,
781 4441 892 4514 noluit
911 4445 947 4512 S.
969 4443 1050 4514 Pius
1064 4447 1095 4516 V
1115 4467 1183 4513 suae
1199 4465 1252 4514 re·
