2982 5072
495 327 543 372 ne
568 326 657 400 sune
682 327 889 376 nisunorco.
1183 309 1245 396 3⁶¹

131 479 146 515 r
160 449 328 543 scriptura
349 445 532 518 habemus?
545 449 721 534 Nonneex
740 449 879 536 minime
895 451 1070 545 publicata
1079 468 1116 524 et
1128 473 1252 541 arcana

17 613 18 650 ,
129 566 220 636 «hac
237 563 444 647 traditione?
463 564 528 658 (De
540 564 668 658 Spiritu
685 577 814 650 sancto,
834 589 907 660 cap.
930 567 1005 664 27.)

176 685 320 752 Sanctus
337 677 463 750 Paulus
479 679 652 774 apostolus
671 696 854 775 postquam
870 683 959 754 circa
979 684 1100 756 divinae
1127 690 1253 760 eucha-

129 801 230 874 ristiae
252 798 512 870 celebrationem
533 800 686 895 quaedam
707 815 871 872 statuerat
888 801 918 898 (l
937 803 979 873 ad
1002 807 1083 878 Cor.
1103 833 1155 896 xt,
1178 806 1253 903 3th

107 920 174 988 'sic
192 916 289 986 addit
308 944 317 988 z
341 919 566 988 Ceterarum
583 943 714 988 venero
730 916 938 1014 disponam,⁸
956 945 1058 1014 quem
1076 921 1190 996 locum
1205 923 1254 998 sie

130 1031 373 1104 commentario
385 1030 676 1102 illustratsanctus
688 1033 916 1127 Hieronymus
932 1048 1080 1106 :cetera
1091 1035 1256 1133 despiciar

28 1219 33 1236 ,
127 1150 286 1244 mysterii
304 1163 538 1219 sacrararum.
553 1151 697 1220 Sanctus
717 1162 831 1220 autem
849 1149 1056 1242 Augustinus
1074 1149 1117 1220 de
1135 1151 1254 1229 eodem

122 1280 222 1336 textu
242 1263 348 1334 susius
367 1263 501 1335 disserit
519 1264 572 1334 his
592 1263 727 1334 verbis:
746 1293 764 1327 a
786 1267 914 1334 Caetera
930 1289 1008 1334 cum
1023 1287 1147 1336 venero
1162 1266 1256 1340 ordi·

129 1412 145 1448 a
164 1380 266 1450 nabo.
283 1379 382 1450 Unde
399 1377 542 1474 intelligi
557 1378 658 1450 datur
672 1379 754 1472 quia
765 1378 911 1456 multum
925 1394 998 1450 erat
1010 1380 1095 1452 utin
1111 1381 1255 1476 epistola

131 1510 278 1567 «totum
303 1493 397 1566 illum
417 1491 542 1590 agendi
568 1493 722 1564 ordinem
748 1493 955 1582 insinuaret,
972 1519 1080 1590 quem
1098 1497 1256 1570 universa

128 1637 222 1708 aper
235 1609 354 1682 orbem
372 1624 484 1682 servat
503 1607 651 1680 Ecclesia
672 1639 688 1674 n
707 1609 833 1705 (Epist.
855 1609 899 1680 ad
919 1611 1134 1700 ianuarium,
1159 1615 1256 1707 Ope·

130 1752 204 1798 rum
227 1741 309 1796 tom.
329 1729 538 1823 lI,p.127).
558 1725 650 1796 ldem
674 1725 897 1818 Augustinus,
912 1722 1103 1820 apostolica
1121 1725 1256 1798 institu-

131 1843 215 1914 tioni
233 1842 354 1912 tribuit
368 1867 407 1929 ea
425 1868 499 1937 qnae
517 1840 671 1912 universa
692 1855 784 1910 tenet
797 1839 961 1928 Ecclesia,
979 1855 1014 1912 et
1030 1866 1100 1912 non
1119 1841 1258 1918 fuerunt

126 1956 199 2032 ,ullo
219 1956 427 2052 synodorum
452 1956 587 2031 decreto
609 1957 747 2026 sancita.
768 1981 785 2022 a
801 1957 890 2026 Sunt
905 1953 1023 2044 multa,
1041 1955 1164 2052 inquit,
1181 1981 1256 2053 quae

125 2101 145 2138 a
162 2073 321 2144 universa
348 2086 441 2148 tenet
465 2069 624 2159 Ecclesia,
640 2084 674 2144 et
692 2070 736 2140 ob
755 2070 821 2140 boc
841 2069 884 2138 ab
904 2067 1064 2164 apostolis
1089 2085 1256 2164 praecepta

129 2189 250 2258 «bene
271 2187 457 2258 creduntur
474 2218 492 2254 a
516 2191 582 2282 (De
609 2187 791 2281 baptismo,
816 2184 876 2256 lib.
904 2209 937 2274 v,
961 2208 1036 2278 cap.
1064 2182 1136 2280 23).
1157 2185 1257 2279 Ritus

129 2303 332 2376 decantandi
351 2302 495 2400 psalmos
512 2318 545 2374 et
559 2301 642 2374 alios
656 2303 799 2398 hymnos
814 2300 894 2372 satis
907 2299 1066 2370 innuitur
1082 2299 1135 2370 his
1149 2301 1256 2374 sancti

124 2417 226 2492 Pauli
258 2418 368 2488 verbis
401 2444 410 2488 ι
442 2421 637 2517 loquentes
668 2415 935 2514 vobismetipsis
965 2415 1004 2487 in
1032 2413 1189 2512 psalmis
1222 2431 1258 2488 et

128 2534 274 2628 hymnis
283 2548 319 2604 et
330 2533 480 2616 canticis
497 2532 744 2629 spiritualibus
754 2531 880 2629 (Epist.
896 2530 940 2601 ad
956 2532 1092 2626 Ephes,
1112 2531 1167 2622 18,
1185 2530 1264 2628 19).

129 2649 244 2738 Quam
260 2649 677 2735 commonitionem-iterat
696 2649 783 2726 idem
803 2644 984 2742 Apostolus
999 2647 1034 2716 in
1048 2672 1108 2718 sua
1122 2647 1170 2718 ,ad
1186 2650 1270 2718 Co*

130 2762 292 2832 lossenses
308 2761 448 2858 epistola
465 2761 508 2858 (c.
524 2788 580 2853 ur,
594 2791 628 2836 v.
651 2761 720 2860 16).
739 2769 814 2836 Jam
836 2761 986 2834 secundo
1006 2761 1130 2836 saeculo
1144 2765 1190 2834 ita
1206 2789 1273 2836 re··

130 2878 282 2974 galatam
300 2878 406 2951 divini
432 2879 536 2952 officii
559 2905 618 2952 sen
640 2881 802 2962 horarum
827 2880 1069 2951 canonicarum
1089 2879 1256 2954 rationem

130 2994 230 3064 nobis
255 2994 422 3072 exhibent,
440 3011 662 3082 monumenta
683 3011 729 3074 ut
752 2994 877 3072 multas
902 2992 993 3088 leges
1017 2991 1192 3088 liturgicus
1214 2995 1257 3072 ab

130 3105 288 3180 Ecclesiae
307 3108 452 3198 exordiis
470 3123 613 3181 statutas
629 3109 731 3186 luisse
741 3109 884 3180 minime
897 3107 1041 3180 dubium
1056 3132 1126 3182 esse
1139 3109 1257 3206 possit.

130 3223 188 3294 Sic
210 3221 340 3296 Plinius
364 3225 485 3320 junior
500 3225 535 3300 in
557 3224 680 3298 snaed
698 3227 937 3322 imperatorem
958 3222 1144 3318 Trajanum
1162 3223 1259 3294 rela-

133 3341 226 3415 tione
242 3365 279 3409 :a
294 3339 519 3415 Affirmabant
535 3356 648 3415 autem
668 3343 758 3420 banc
772 3343 878 3426 fuisse
898 3365 1065 3413 summam
1079 3338 1132 3410 vel
1150 3339 1258 3436 cutpae
1270 3385 1279 3395 ··
1313 3361 1316 3368 ⁴

132 3481 233 3527 asuae
256 3455 308 3528 rel
337 3459 475 3548 erroris,
493 3459 587 3554 quod
613 3473 722 3530 essent
751 3456 841 3530 soliti
865 3471 952 3530 stato
974 3455 1029 3527 die
1047 3469 1126 3527 ante
1148 3455 1276 3530 lucerna

134 3575 365 3660 «convenire,
386 3600 597 3671 ¹carmenque
618 3576 753 3648 Christo
788 3574 885 3670 quasi
913 3577 987 3646 Deo
1008 3573 1119 3646 dicere
1144 3597 1274 3658 secum..

136 3717 154 3754 a
167 3689 328 3762 invicem.
347 3719 365 3758 a
384 3695 475 3787 Ergo
495 3691 566 3786 jam
592 3707 674 3764 tunc
696 3692 814 3764 statuti
832 3691 918 3782 dies,
938 3705 1073 3762 statutae
1099 3689 1192 3780 borae
1216 3689 1273 3762 adt

134 3804 422 3897 conveniendum,
439 3820 564 3888 statuta
581 3807 772 3882 alternatim
792 3806 956 3906 psallendi
973 3804 1163 3902 disciplina.
1180 3809 1274 3880 Ter»

134 3921 230 4009 tum,
250 3935 376 3996 sextam
397 3937 432 3994 et
457 3945 582 3994 nonam
608 3924 641 3994 in
669 3921 887 3998 solemniores
907 3915 1106 3994 divinarum
1120 3947 1261 4019 precum

135 4035 239 4123 horas
255 4037 443 4133 assignatas
460 4039 584 4112 merito
597 4038 697 4110 fuisse
710 4041 878 4112 asserebat
893 4037 1121 4112 Tertullianus
1137 4045 1263 4114 :aCur

135 4181 152 4216 a
170 4153 240 4236 noir
257 4153 500 4251 intelligamus,
520 4155 611 4228 salva
629 4156 728 4253 plane
744 4158 970 4230 indifferentia
981 4185 1121 4257 semper
1138 4174 1172 4229 et
1187 4159 1264 4230 ubi·

137 4297 155 4332 a
171 4293 238 4364 quc
262 4272 414 4348 etomni
434 4288 586 4371 tempore
603 4273 739 4364 ‚orandi,
759 4289 873 4346 tamen
901 4291 968 4346 tres
988 4276 1070 4346 istas
1089 4276 1203 4362 boras,
1226 4289 1265 4342 ut

142 4412 160 4450 a
177 4384 379 4484 insigniores
392 4385 428 4458 in
442 4383 543 4474 rebus
555 4390 766 4485 laurnauis...‚
782 4391 874 4488 itaet
886 4392 921 4464 in
932 4389 1148 4466 solemniores
1162 4387 1266 4464 fuisse

1052 4529 1090 4578 11
