2940 5072
259 332 332 380 210
718 327 925 380 tunctune

258 457 459 552 «obligabit
488 453 640 542 heolus,
673 456 882 551 miseriem
911 457 1040 552 poterit
1060 457 1157 532 eliud
1178 461 1385 534 breviarium

258 603 276 639 n
294 577 394 644 etiam
419 599 482 668 pro
499 594 561 643 usu
577 571 688 657 chori,
709 570 787 642 lioet
800 597 870 643 nou
889 573 1028 644 excedat
1040 573 1267 650 ducentorum
1281 604 1386 650 anuo·

258 721 274 754 «
293 713 367 760 rum
386 689 637 781 antiquitatem
657 717 674 752 u

307 807 372 876 Cui
401 803 595 901 objectioni,
626 803 747 872 thesim
770 803 993 895 stabiliendo,
1023 806 1203 900 respondet
1227 806 1386 880 laudatus

217 943 221 952 ’
255 935 376 992 urtetor
392 922 458 990 hoe
473 919 598 990 modo:

308 1067 325 1102 α
346 1035 539 1106 Dicendum
553 1049 603 1104 est
620 1050 745 1122 tamen,
761 1035 917 1130 inprimis
933 1037 1096 1108 hactenus
1110 1065 1179 1110 non
1198 1040 1302 1110 fuisse
1325 1067 1386 1136 per

255 1184 275 1217 α
296 1177 416 1222 novem
435 1150 714 1222 consuetudinem
732 1152 813 1222 huie
832 1150 898 1245 legi
917 1135 1042 1223 iticubi
1060 1155 1284 1250 derogatum
1304 1159 1384 1250 quia

255 1299 273 1334 n
290 1268 476 1340 'Pontifices
494 1281 669 1359 nunquam
683 1282 927 1338 conseruerunt
943 1267 1000 1337 tali
1016 1271 1254 1340 eonsuetudiui
1269 1271 1384 1342 velex·

255 1416 273 1450 n
285 1381 463 1480 'presserel
479 1384 589 1452 tacite.
600 1383 693 1473 Quin
704 1383 816 1476 potius
831 1382 987 1456 Clemens
1005 1390 1088 1458 Vttl
1099 1389 1216 1458 statuit
1231 1403 1269 1457 ut
1291 1390 1383 1482 quod

256 1529 273 1566 n
296 1501 376 1572 Pius
400 1498 570 1568 ordinavit
590 1510 703 1566 ratum
723 1511 758 1566 et
780 1495 978 1568 inviolatum
1004 1514 1232 1570 eouservetur.
1250 1501 1382 1572 Deinde

253 1645 273 1676 a
295 1616 371 1684 dico
386 1613 476 1682 illam
490 1610 597 1706 legem
622 1635 689 1680 oon
704 1625 836 1682 tentum
854 1635 924 1682 esse
939 1613 1198 1707 praecipientem,
1212 1614 1382 1686 sedetiam

254 1760 272 1794 n
299 1731 486 1798 irritantem
501 1726 614 1796 omnia
634 1725 699 1796 elie
713 1725 880 1796 breviaria
892 1751 967 1821 quae
988 1725 1077 1798 infra
1092 1729 1255 1801 ducentos
1275 1757 1380 1802 nnoos

252 1873 271 1913 n
294 1845 429 1913 initium
444 1842 605 1912 habuere.
632 1844 749 1932 Quare
761 1840 861 1912 natta
875 1842 1128 1916 consuetudine
1145 1847 1281 1916 restitui
1303 1873 1378 1941 pos-

253 1989 271 2024 α
292 1975 387 2045 sunt;
398 1983 436 2028 ec
449 1955 593 2030 subinde
607 1955 757 2026 officium
770 1955 855 2026 illud
869 1957 937 2051 jem
955 1983 1027 2028 nou
1037 1973 1145 2052 potest
1155 1984 1226 2030 esse
1239 1963 1379 2032 canoni·

251 2107 269 2142 ιι
286 2101 377 2161 com,
387 2099 496 2170 neque
504 2088 623 2170 aptum
635 2089 675 2144 ut
688 2071 841 2168 perillud
855 2072 1056 2168 obligationi
1069 2075 1164 2146 ebori
1175 2077 1378 2148 satisfiatAEt

251 2220 269 2254 «
287 2215 327 2259 nx
344 2191 407 2260 hec
421 2204 516 2284 parte
531 2188 686 2258 existimo
709 2212 825 2258 omnes
841 2189 1041 2282 posteriores
1055 2191 1322 2262 eonsuetudines
1336 2194 1377 2262 ita

245 2331 268 2374 u
285 2302 1377 2401 esseperhanelegemreprobatas,utcontruettmdemlegemprae-

250 2451 267 2484 e
288 2419 399 2489 volere
426 2445 494 2490 uon
522 2420 665 2514 possint.
694 2419 795 2488 Unde
825 2418 878 2505 fit,
898 2419 926 2488 si
948 2420 983 2488 in
1005 2418 1311 2516 aliquaproviueia
1338 2423 1375 2492 si·

249 2565 267 2599 n
289 2534 376 2602 milis
392 2533 612 2620 consuetudo,
625 2531 676 2602 vel
688 2534 893 2604 breviarium
911 2559 980 2604 nou
1001 2534 1047 2604 ite
1065 2537 1246 2630 antiquum
1257 2551 1374 2631 utpos·

254 2679 270 2714 n
292 2649 421 2720 tolntur
437 2650 472 2718 in
488 2649 582 2719 brevi
600 2649 649 2720 Pii
668 2651 699 2718 V
716 2663 834 2718 eontra
851 2647 941 2718 illius
958 2648 1213 2743 dispositionem
1227 2651 1373 2722 indebite

252 2767 489 2851 «retinentur,
515 2787 583 2833 oon
608 2762 751 2858 obligari
780 2762 918 2834 elericos
939 2763 991 2836 vel
1019 2766 1184 2862 parochos
1211 2767 1259 2836 ed
1280 2766 1372 2837 illum

251 2911 268 2946 α
291 2879 451 2952 recitandi
468 2879 619 2969 modum,
637 2880 705 2948 sive
724 2879 758 2946 in
777 2880 883 2951 choro
903 2880 973 2952 sire
989 2896 1085 2952 extre
1100 2881 1220 2970 illum;
1236 2883 1299 2952 sed
1313 2907 1371 2977 pn·

250 3027 267 3061 e
290 2999 356 3066 tius
367 3022 427 3092 per
439 3022 474 3066 se
488 2995 658 3090 loquendo
672 2993 816 3091 obligari
826 2995 899 3090 loge
916 2998 1101 3091 pontifici-n,
1123 3015 1163 3069 ut
1177 2999 1371 3072 infralntius

248 3145 266 3180 n
286 3115 406 3184 dicam.
430 3143 448 3180 n
472 3114 538 3210 (De
562 3112 661 3208 relig.
691 3129 772 3182 torn.
799 3114 846 3202 ll,
868 3113 930 3184 lib.
954 3139 1000 3185 ·rv
1020 3115 1064 3186 de
1079 3116 1172 3188 horis
1191 3119 1370 3204 canonicis,

245 3257 317 3325 cap.
338 3255 392 3318 tt,
413 3257 446 3300 n.
466 3227 623 3323 5.)ldem
640 3229 764 3296 iterum
783 3228 932 3300 inculcat
945 3234 1070 3303 Suerez
1085 3233 1137 3302 his
1154 3234 1288 3304 verbis:

295 3346 396 3414 «sut
425 3343 509 3439 quid
538 3344 565 3412 si
594 3341 720 3412 alieubi
749 3370 820 3414 -non
849 3361 933 3418 esset
963 3361 1135 3442 receptum
1163 3348 1367 3420 breviarium

245 3493 263 3530 α
283 3465 333 3534 Pii
348 3468 391 3552 V,
409 3489 476 3532 non
495 3463 575 3556 quia
594 3461 685 3532 dese
711 3462 757 3550 ibi
772 3463 871 3533 etiem
890 3489 960 3534 non
982 3463 1160 3560 obligaret,
1181 3466 1240 3536 sed
1256 3492 1295 3536 ex
1312 3491 1367 3534 ne·

245 3609 262 3644 u
287 3578 445 3673 gligeutia
464 3576 699 3661 Praelatorum,
718 3577 790 3670 qui,
807 3575 962 3648 lieetnon
979 3594 1158 3649 uterentur
1175 3583 1272 3677 prius
1292 3583 1366 3650 bre·

245 3725 261 3759 e
281 3694 389 3764 viario
411 3691 598 3786 antiquiori
619 3691 773 3763 ducentis
792 3693 901 3782 annis,
920 3717 1047 3766 riorum
1066 3720 1246 3768 romonum
1263 3698 1365 3766 intro·

244 3841 260 3876 u
283 3810 407 3878 ducere
425 3822 461 3876 et
472 3805 689 3902 promulgare
704 3805 951 3901 neglexerunt?
964 3811 1366 3904 Suppositisautemquae

242 3952 259 3990 u
282 3925 323 3991 de
338 3924 443 3992 choro
453 3922 620 4010 diximus,
639 3923 705 3992 hoe
723 3948 862 4019 parvum
882 3923 986 3994 babet
1003 3923 1264 4002 dubitationem.
1288 3923 1366 3998 Dixi

243 4069 259 4104 n
282 4039 371 4106 enim
396 4038 675 4108 consuetudinem
703 4037 795 4108 illam
825 4063 961 4132 pravam
991 4063 1074 4127 esse,
1102 4055 1136 4110 et
1155 4055 1276 4112 eontra
1301 4043 1367 4110 hoc

240 4186 258 4220 α
280 4165 497 4252 praeceptum,
514 4154 697 4247 antiquum
718 4154 924 4224 breviarium
952 4179 1020 4226 uon
1045 4153 1240 4250 prevalere.
1267 4155 1366 4226 Unde

161 4295 168 4310 ·
238 4302 257 4344 tt
279 4282 526 4365 consequenter
539 4293 665 4358 assero,
686 4271 744 4338 ubi
762 4269 795 4338 id
812 4269 1002 4358 accidisset,
1026 4295 1125 4364 posse
1145 4271 1235 4346 licite
1251 4295 1365 4342 omues

239 4418 257 4453 α
277 4387 415 4460 clericos
442 4384 601 4481 privatim
629 4383 770 4454 recitare
794 4385 892 4480 juxta
925 4410 1103 4459 rurneutun
1139 4388 1365 4474 breviarium
