<?xml version="1.0" encoding="UTF-8"?>
<!DOCTYPE html PUBLIC "-//W3C//DTD XHTML 1.0 Transitional//EN"
    "http://www.w3.org/TR/xhtml1/DTD/xhtml1-transitional.dtd">
<html xmlns="http://www.w3.org/1999/xhtml" xml:lang="en" lang="en">
 <head>
  <title>
</title>
<meta http-equiv="Content-Type" content="text/html;charset=utf-8" />
  <meta name='ocr-system' content='tesseract 3.04.00' />
  <meta name='ocr-capabilities' content='ocr_page ocr_carea ocr_par ocr_line ocrx_word'/>
</head>
<body>
  <div class='ocr_page' id='page_1' title='image "./tractatusdejure00bouigoog_0048.png"; bbox 0 0 3018 5070; ppageno 0'>
   <div class='ocr_carea' id='block_1_1' title="bbox 516 328 1272 404">
    <p class='ocr_par' dir='ltr' id='par_1_1' title="bbox 516 328 1272 404">
     <span class='ocr_line' id='line_1_1' title="bbox 516 328 1272 404; baseline 0.013 -12"><span class='ocrx_word' id='word_1_1' title='bbox 516 329 568 392; x_wconf 84' lang='lat' dir='ltr'>nn&#39;</span> <span class='ocrx_word' id='word_1_2' title='bbox 586 346 673 400; x_wconf 78' lang='lat' dir='ltr'>suns</span> <span class='ocrx_word' id='word_1_3' title='bbox 695 349 903 400; x_wconf 78' lang='lat' dir='ltr'>urrursrco.</span> <span class='ocrx_word' id='word_1_4' title='bbox 1226 328 1272 404; x_wconf 76' lang='lat'>35</span> 
     </span>
    </p>
   </div>
   <div class='ocr_carea' id='block_1_2' title="bbox 147 474 1274 576">
    <p class='ocr_par' dir='ltr' id='par_1_2' title="bbox 147 474 1274 576">
     <span class='ocr_line' id='line_1_2' title="bbox 147 474 1274 576; baseline 0 -26"><span class='ocrx_word' id='word_1_5' title='bbox 147 478 225 552; x_wconf 85' lang='lat' dir='ltr'>duci</span> <span class='ocrx_word' id='word_1_6' title='bbox 237 478 346 572; x_wconf 84' lang='lat' dir='ltr'>possit</span> <span class='ocrx_word' id='word_1_7' title='bbox 359 474 529 570; x_wconf 83' lang='lat' dir='ltr'>dogmatis</span> <span class='ocrx_word' id='word_1_8' title='bbox 540 475 646 568; x_wconf 86' lang='lat' dir='ltr'>ipsius</span> <span class='ocrx_word' id='word_1_9' title='bbox 658 477 705 546; x_wconf 85' lang='lat' dir='ltr'>sie</span> <span class='ocrx_word' id='word_1_10' title='bbox 718 478 863 570; x_wconf 75' lang='lat' dir='ltr'><strong>expressi</strong></span> <span class='ocrx_word' id='word_1_11' title='bbox 877 477 1010 565; x_wconf 82' lang='lat' dir='ltr'>veritas,</span> <span class='ocrx_word' id='word_1_12' title='bbox 1023 493 1137 550; x_wconf 86' lang='lat' dir='ltr'>utrum</span> <span class='ocrx_word' id='word_1_13' title='bbox 1152 505 1274 576; x_wconf 83' lang='lat' dir='ltr'>nempe</span> 
     </span>
    </p>
   </div>
   <div class='ocr_carea' id='block_1_3' title="bbox 144 591 1275 1719">
    <p class='ocr_par' dir='ltr' id='par_1_3' title="bbox 144 591 1274 1124">
     <span class='ocr_line' id='line_1_3' title="bbox 145 591 1273 688; baseline 0.004 -22"><span class='ocrx_word' id='word_1_14' title='bbox 145 617 280 668; x_wconf 82' lang='lat' dir='ltr'>necesse</span> <span class='ocrx_word' id='word_1_15' title='bbox 297 593 344 666; x_wconf 90' lang='lat' dir='ltr'>sit</span> <span class='ocrx_word' id='word_1_16' title='bbox 361 607 527 664; x_wconf 84' lang='lat' dir='ltr'>utomnes</span> <span class='ocrx_word' id='word_1_17' title='bbox 543 593 684 664; x_wconf 87' lang='lat' dir='ltr'>omnino</span> <span class='ocrx_word' id='word_1_18' title='bbox 700 593 851 664; x_wconf 85' lang='lat' dir='ltr'>omnium</span> <span class='ocrx_word' id='word_1_19' title='bbox 862 591 1015 662; x_wconf 88' lang='lat' dir='ltr'>locorum</span> <span class='ocrx_word' id='word_1_20' title='bbox 1029 608 1064 665; x_wconf 87' lang='lat' dir='ltr'>et</span> <span class='ocrx_word' id='word_1_21' title='bbox 1083 608 1273 688; x_wconf 86' lang='lat' dir='ltr'>temporum</span> 
     </span>
     <span class='ocr_line' id='line_1_4' title="bbox 144 703 1274 804; baseline 0.003 -23"><span class='ocrx_word' id='word_1_22' title='bbox 144 707 293 802; x_wconf 77' lang='lat' dir='ltr'>liturgiae</span> <span class='ocrx_word' id='word_1_23' title='bbox 311 707 435 800; x_wconf 81' lang='lat' dir='ltr'>dogma</span> <span class='ocrx_word' id='word_1_24' title='bbox 462 703 546 778; x_wconf 91' lang='lat' dir='ltr'>illud</span> <span class='ocrx_word' id='word_1_25' title='bbox 570 705 785 778; x_wconf 76' lang='lat' dir='ltr'>uniformiter</span> <span class='ocrx_word' id='word_1_26' title='bbox 810 706 1001 800; x_wconf 78' lang='lat' dir='ltr'>proferant,</span> <span class='ocrx_word' id='word_1_27' title='bbox 1027 733 1274 804; x_wconf 84' lang='lat' dir='ltr'>nonexpresse</span> 
     </span>
     <span class='ocr_line' id='line_1_5' title="bbox 145 821 1273 914; baseline -0.004 -18"><span class='ocrx_word' id='word_1_28' title='bbox 145 825 276 896; x_wconf 84' lang='lat' dir='ltr'>dicunt.</span> <span class='ocrx_word' id='word_1_29' title='bbox 297 826 343 896; x_wconf 80' lang='lat' dir='ltr'>At</span> <span class='ocrx_word' id='word_1_30' title='bbox 371 847 411 890; x_wconf 86' lang='lat' dir='ltr'>ex</span> <span class='ocrx_word' id='word_1_31' title='bbox 435 821 587 914; x_wconf 89' lang='lat' dir='ltr'>ipsorum</span> <span class='ocrx_word' id='word_1_32' title='bbox 610 821 834 894; x_wconf 83' lang='lat' dir='ltr'>ratiocinandi</span> <span class='ocrx_word' id='word_1_33' title='bbox 862 821 964 892; x_wconf 90' lang='lat' dir='ltr'>modo</span> <span class='ocrx_word' id='word_1_34' title='bbox 990 821 1087 894; x_wconf 82' lang='lat' dir='ltr'>facile</span> <span class='ocrx_word' id='word_1_35' title='bbox 1115 823 1273 897; x_wconf 87' lang='lat' dir='ltr'>concludi</span> 
     </span>
     <span class='ocr_line' id='line_1_6' title="bbox 145 935 1274 1032; baseline 0.007 -26"><span class='ocrx_word' id='word_1_36' title='bbox 145 952 255 1032; x_wconf 90' lang='lat' dir='ltr'>potest</span> <span class='ocrx_word' id='word_1_37' title='bbox 283 935 366 1030; x_wconf 92' lang='lat' dir='ltr'>quid</span> <span class='ocrx_word' id='word_1_38' title='bbox 394 935 580 1022; x_wconf 76' lang='lat' dir='ltr'>senserint,</span> <span class='ocrx_word' id='word_1_39' title='bbox 606 936 704 1006; x_wconf 92' lang='lat' dir='ltr'>utin</span> <span class='ocrx_word' id='word_1_40' title='bbox 729 937 883 1029; x_wconf 83' lang='lat' dir='ltr'>sequenti</span> <span class='ocrx_word' id='word_1_41' title='bbox 907 938 1138 1030; x_wconf 76' lang='lat' dir='ltr'>propositione</span> <span class='ocrx_word' id='word_1_42' title='bbox 1163 955 1274 1014; x_wconf 85' lang='lat' dir='ltr'>osten·</span> 
     </span>
     <span class='ocr_line' id='line_1_7' title="bbox 153 1052 260 1124; baseline -0.019 -2"><span class='ocrx_word' id='word_1_43' title='bbox 153 1052 260 1124; x_wconf 89' lang='lat' dir='ltr'>ditur.</span> 
     </span>
    </p>

    <p class='ocr_par' dir='ltr' id='par_1_4' title="bbox 145 1160 1275 1719">
     <span class='ocr_line' id='line_1_8' title="bbox 194 1160 1273 1261; baseline 0.006 -26"><span class='ocrx_word' id='word_1_44' title='bbox 194 1165 392 1260; x_wconf 89' lang='lat' dir='ltr'>Propositio</span> <span class='ocrx_word' id='word_1_45' title='bbox 421 1160 468 1233; x_wconf 82' lang='lat'>5¹.</span> <span class='ocrx_word' id='word_1_46' title='bbox 485 1167 545 1232; x_wconf 83' lang='lat' dir='ltr'>Ita</span> <span class='ocrx_word' id='word_1_47' title='bbox 573 1163 802 1261; x_wconf 72' lang='lat' dir='ltr'>intellegenda</span> <span class='ocrx_word' id='word_1_48' title='bbox 834 1182 889 1234; x_wconf 84' lang='lat' dir='ltr'>est</span> <span class='ocrx_word' id='word_1_49' title='bbox 906 1168 1101 1239; x_wconf 80' lang='lat' dir='ltr'>eommunis</span> <span class='ocrx_word' id='word_1_50' title='bbox 1124 1172 1273 1242; x_wconf 78' lang='lat' dir='ltr'>Petrum</span> 
     </span>
     <span class='ocr_line' id='line_1_9' title="bbox 145 1276 1274 1380; baseline -0.004 -26"><span class='ocrx_word' id='word_1_51' title='bbox 145 1279 553 1354; x_wconf 81' lang='lat' dir='ltr'>etdootorumrententr&#39;a</span> <span class='ocrx_word' id='word_1_52' title='bbox 564 1276 610 1348; x_wconf 83' lang='lat' dir='ltr'>de</span> <span class='ocrx_word' id='word_1_53' title='bbox 621 1278 769 1374; x_wconf 76' lang='lat' dir='ltr'>liturgc&#39;ae</span> <span class='ocrx_word' id='word_1_54' title='bbox 781 1280 905 1352; x_wconf 82' lang='lat' dir='ltr'>valore</span> <span class='ocrx_word' id='word_1_55' title='bbox 916 1279 1128 1378; x_wconf 75' lang='lat' dir='ltr'>dognratr&#39;m,</span> <span class='ocrx_word' id='word_1_56' title='bbox 1140 1297 1180 1352; x_wconf 84' lang='lat' dir='ltr'>nt</span> <span class='ocrx_word' id='word_1_57' title='bbox 1191 1281 1274 1380; x_wconf 80' lang='lat' dir='ltr'>dog-</span> 
     </span>
     <span class='ocr_line' id='line_1_10' title="bbox 145 1389 1275 1494; baseline 0.003 -28"><span class='ocrx_word' id='word_1_58' title='bbox 145 1411 283 1468; x_wconf 79' lang='lat' dir='ltr'>mamm</span> <span class='ocrx_word' id='word_1_59' title='bbox 304 1395 439 1466; x_wconf 77' lang='lat' dir='ltr'>vertras</span> <span class='ocrx_word' id='word_1_60' title='bbox 457 1389 588 1464; x_wconf 71' lang='lat' dir='ltr'>deduci·</span> <span class='ocrx_word' id='word_1_61' title='bbox 607 1396 736 1488; x_wconf 80' lang='lat' dir='ltr'>possit,</span> <span class='ocrx_word' id='word_1_62' title='bbox 763 1411 837 1467; x_wconf 82' lang='lat' dir='ltr'>tum</span> <span class='ocrx_word' id='word_1_63' title='bbox 855 1421 902 1468; x_wconf 76' lang='lat' dir='ltr'>en</span> <span class='ocrx_word' id='word_1_64' title='bbox 925 1395 1110 1468; x_wconf 78' lang='lat' dir='ltr'>moraliter</span> <span class='ocrx_word' id='word_1_65' title='bbox 1131 1413 1275 1494; x_wconf 81' lang='lat' dir='ltr'>sumpta</span> 
     </span>
     <span class='ocr_line' id='line_1_11' title="bbox 147 1505 1275 1608; baseline 0 -28"><span class='ocrx_word' id='word_1_66' title='bbox 147 1509 372 1608; x_wconf 78' lang='lat' dir='ltr'>liturgiarum</span> <span class='ocrx_word' id='word_1_67' title='bbox 393 1505 670 1595; x_wconf 69' lang='lat' dir='ltr'>omrem-alnae,</span> <span class='ocrx_word' id='word_1_68' title='bbox 698 1525 769 1580; x_wconf 82' lang='lat' dir='ltr'>tum</span> <span class='ocrx_word' id='word_1_69' title='bbox 800 1511 912 1580; x_wconf 79' lang='lat' dir='ltr'>etiam</span> <span class='ocrx_word' id='word_1_70' title='bbox 935 1535 983 1582; x_wconf 75' lang='lat' dir='ltr'>ex</span> <span class='ocrx_word' id='word_1_71' title='bbox 1006 1509 1085 1580; x_wconf 81' lang='lat' dir='ltr'>sola</span> <span class='ocrx_word' id='word_1_72' title='bbox 1103 1510 1275 1582; x_wconf 72' lang='lat' dir='ltr'>Ecclesiae</span> 
     </span>
     <span class='ocr_line' id='line_1_12' title="bbox 148 1621 1275 1719; baseline 0 -25"><span class='ocrx_word' id='word_1_73' title='bbox 148 1621 588 1717; x_wconf 76' lang='lat' dir='ltr'>Bomanaelt&#39;turgia.-Ex</span> <span class='ocrx_word' id='word_1_74' title='bbox 597 1623 744 1694; x_wconf 83' lang='lat' dir='ltr'>textibus</span> <span class='ocrx_word' id='word_1_75' title='bbox 754 1624 816 1694; x_wconf 92' lang='lat' dir='ltr'>sub</span> <span class='ocrx_word' id='word_1_76' title='bbox 825 1623 1028 1718; x_wconf 83' lang='lat' dir='ltr'>praeoedeuti</span> <span class='ocrx_word' id='word_1_77' title='bbox 1043 1627 1275 1719; x_wconf 84' lang='lat' dir='ltr'>propositione</span> 
     </span>
    </p>
   </div>
   <div class='ocr_carea' id='block_1_4' title="bbox 24 1735 1276 1833">
    <p class='ocr_par' dir='ltr' id='par_1_5' title="bbox 24 1735 1276 1833">
     <span class='ocr_line' id='line_1_13' title="bbox 24 1735 1276 1833; baseline 0.001 -25"><span class='ocrx_word' id='word_1_78' title='bbox 24 1783 29 1794; x_wconf 86' lang='lat'><strong>·</strong></span> <span class='ocrx_word' id='word_1_79' title='bbox 147 1737 317 1828; x_wconf 86' lang='lat' dir='ltr'>adductis,</span> <span class='ocrx_word' id='word_1_80' title='bbox 328 1736 486 1806; x_wconf 87' lang='lat' dir='ltr'>ridentur</span> <span class='ocrx_word' id='word_1_81' title='bbox 502 1738 619 1806; x_wconf 88' lang='lat' dir='ltr'>Patres</span> <span class='ocrx_word' id='word_1_82' title='bbox 631 1751 665 1807; x_wconf 88' lang='lat' dir='ltr'>et</span> <span class='ocrx_word' id='word_1_83' title='bbox 681 1735 1080 1813; x_wconf 76' lang='lat' dir='ltr'>doctoresutu&#39;versnlem</span> <span class='ocrx_word' id='word_1_84' title='bbox 1094 1739 1276 1833; x_wconf 86' lang='lat' dir='ltr'>quamdam</span> 
     </span>
    </p>
   </div>
   <div class='ocr_carea' id='block_1_5' title="bbox 140 1849 1371 4481">
    <p class='ocr_par' dir='ltr' id='par_1_6' title="bbox 140 1849 1371 4481">
     <span class='ocr_line' id='line_1_14' title="bbox 148 1849 1276 1950; baseline -0.002 -28"><span class='ocrx_word' id='word_1_85' title='bbox 148 1852 183 1924; x_wconf 89' lang='lat' dir='ltr'>in</span> <span class='ocrx_word' id='word_1_86' title='bbox 208 1851 355 1946; x_wconf 89' lang='lat' dir='ltr'>liturgiis</span> <span class='ocrx_word' id='word_1_87' title='bbox 364 1849 580 1922; x_wconf 85' lang='lat' dir='ltr'>concordiam</span> <span class='ocrx_word' id='word_1_88' title='bbox 603 1851 787 1944; x_wconf 82' lang='lat' dir='ltr'>requirere,</span> <span class='ocrx_word' id='word_1_89' title='bbox 807 1868 845 1925; x_wconf 91' lang='lat' dir='ltr'>ut</span> <span class='ocrx_word' id='word_1_90' title='bbox 865 1853 970 1925; x_wconf 77' lang='lat' dir='ltr'>ex&#39;eis</span> <span class='ocrx_word' id='word_1_91' title='bbox 990 1855 1095 1950; x_wconf 89' lang='lat' dir='ltr'>possit</span> <span class='ocrx_word' id='word_1_92' title='bbox 1111 1853 1276 1948; x_wconf 81' lang='lat' dir='ltr'>dogmatis</span> 
     </span>
     <span class='ocr_line' id='line_1_15' title="bbox 148 1961 1277 2060; baseline -0.001 -24"><span class='ocrx_word' id='word_1_93' title='bbox 148 1963 292 2058; x_wconf 86' lang='lat' dir='ltr'>alicujus</span> <span class='ocrx_word' id='word_1_94' title='bbox 311 1965 432 2036; x_wconf 90' lang='lat' dir='ltr'>veritas</span> <span class='ocrx_word' id='word_1_95' title='bbox 448 1961 598 2058; x_wconf 81' lang='lat' dir='ltr'>legitime</span> <span class='ocrx_word' id='word_1_96' title='bbox 612 1965 783 2036; x_wconf 90' lang='lat' dir='ltr'>concludi.</span> <span class='ocrx_word' id='word_1_97' title='bbox 805 1969 857 2038; x_wconf 77' lang='lat' dir='ltr'>An</span> <span class='ocrx_word' id='word_1_98' title='bbox 877 1981 989 2038; x_wconf 89' lang='lat' dir='ltr'>autem</span> <span class='ocrx_word' id='word_1_99' title='bbox 1009 1968 1188 2060; x_wconf 90' lang='lat' dir='ltr'>requirant</span> <span class='ocrx_word' id='word_1_100' title='bbox 1207 1967 1277 2036; x_wconf 91' lang='lat' dir='ltr'>uni·</span> 
     </span>
     <span class='ocr_line' id='line_1_16' title="bbox 150 2076 1278 2170; baseline -0.002 -22"><span class='ocrx_word' id='word_1_101' title='bbox 150 2077 377 2148; x_wconf 84' lang='lat' dir='ltr'>verselitatem</span> <span class='ocrx_word' id='word_1_102' title='bbox 396 2076 609 2166; x_wconf 81' lang='lat' dir='ltr'>absolutum,</span> <span class='ocrx_word' id='word_1_103' title='bbox 626 2079 661 2150; x_wconf 92' lang='lat' dir='ltr'>id</span> <span class='ocrx_word' id='word_1_104' title='bbox 683 2093 746 2170; x_wconf 90' lang='lat' dir='ltr'>est,</span> <span class='ocrx_word' id='word_1_105' title='bbox 759 2080 912 2150; x_wconf 90' lang='lat' dir='ltr'>omnium</span> <span class='ocrx_word' id='word_1_106' title='bbox 933 2079 1231 2150; x_wconf 88' lang='lat' dir='ltr'>omninolocorum</span> <span class='ocrx_word' id='word_1_107' title='bbox 1243 2094 1278 2150; x_wconf 87' lang='lat' dir='ltr'>et</span> 
     </span>
     <span class='ocr_line' id='line_1_17' title="bbox 150 2192 1276 2288; baseline 0.004 -26"><span class='ocrx_word' id='word_1_108' title='bbox 150 2207 362 2287; x_wconf 79' lang='lat' dir='ltr'>tempornm3</span> <span class='ocrx_word' id='word_1_109' title='bbox 373 2217 417 2260; x_wconf 87' lang='lat' dir='ltr'>an</span> <span class='ocrx_word' id='word_1_110' title='bbox 436 2217 516 2264; x_wconf 86' lang='lat' dir='ltr'>vero</span> <span class='ocrx_word' id='word_1_111' title='bbox 534 2193 706 2264; x_wconf 82' lang='lat' dir='ltr'>moralem</span> <span class='ocrx_word' id='word_1_112' title='bbox 717 2207 862 2280; x_wconf 91' lang='lat' dir='ltr'>tantum,</span> <span class='ocrx_word' id='word_1_113' title='bbox 880 2192 990 2282; x_wconf 88' lang='lat' dir='ltr'>idest,</span> <span class='ocrx_word' id='word_1_114' title='bbox 1006 2193 1276 2288; x_wconf 85' lang='lat' dir='ltr'>quamplurima·</span> 
     </span>
     <span class='ocr_line' id='line_1_18' title="bbox 149 2307 1278 2402; baseline 0.004 -26"><span class='ocrx_word' id='word_1_115' title='bbox 149 2333 225 2378; x_wconf 85' lang='lat' dir='ltr'>rum</span> <span class='ocrx_word' id='word_1_116' title='bbox 258 2307 485 2396; x_wconf 88' lang='lat' dir='ltr'>ecelesiarum,</span> <span class='ocrx_word' id='word_1_117' title='bbox 510 2307 545 2376; x_wconf 92' lang='lat' dir='ltr'>id</span> <span class='ocrx_word' id='word_1_118' title='bbox 566 2332 718 2402; x_wconf 83' lang='lat' dir='ltr'>expresse</span> <span class='ocrx_word' id='word_1_119' title='bbox 734 2333 804 2378; x_wconf 91' lang='lat' dir='ltr'>non</span> <span class='ocrx_word' id='word_1_120' title='bbox 831 2321 1005 2378; x_wconf 86' lang='lat' dir='ltr'>tractant:</span> <span class='ocrx_word' id='word_1_121' title='bbox 1031 2308 1114 2378; x_wconf 90' lang='lat' dir='ltr'>item</span> <span class='ocrx_word' id='word_1_122' title='bbox 1143 2333 1187 2378; x_wconf 90' lang='lat' dir='ltr'>an</span> <span class='ocrx_word' id='word_1_123' title='bbox 1207 2307 1278 2380; x_wconf 86' lang='lat' dir='ltr'>sola</span> 
     </span>
     <span class='ocr_line' id='line_1_19' title="bbox 148 2420 1277 2520; baseline 0.002 -26"><span class='ocrx_word' id='word_1_124' title='bbox 148 2423 309 2511; x_wconf 82' lang='lat' dir='ltr'>sufficiat,</span> <span class='ocrx_word' id='word_1_125' title='bbox 324 2421 366 2492; x_wconf 92' lang='lat' dir='ltr'>ad</span> <span class='ocrx_word' id='word_1_126' title='bbox 380 2421 538 2515; x_wconf 84' lang='lat' dir='ltr'>dogmata</span> <span class='ocrx_word' id='word_1_127' title='bbox 557 2421 745 2516; x_wconf 89' lang='lat' dir='ltr'>probanda,</span> <span class='ocrx_word' id='word_1_128' title='bbox 761 2420 1103 2494; x_wconf 81' lang='lat' dir='ltr'>RomanaeEccclesiae</span> <span class='ocrx_word' id='word_1_129' title='bbox 1125 2421 1277 2520; x_wconf 79' lang='lat' dir='ltr'>liturgia,</span> 
     </span>
     <span class='ocr_line' id='line_1_20' title="bbox 149 2535 1278 2632; baseline -0.001 -23"><span class='ocrx_word' id='word_1_130' title='bbox 149 2537 241 2632; x_wconf 86' lang='lat' dir='ltr'>apud</span> <span class='ocrx_word' id='word_1_131' title='bbox 253 2562 309 2606; x_wconf 87' lang='lat' dir='ltr'>eos</span> <span class='ocrx_word' id='word_1_132' title='bbox 322 2535 519 2630; x_wconf 87' lang='lat' dir='ltr'>exprofesso</span> <span class='ocrx_word' id='word_1_133' title='bbox 536 2535 723 2608; x_wconf 87' lang='lat' dir='ltr'>discussum</span> <span class='ocrx_word' id='word_1_134' title='bbox 742 2562 810 2608; x_wconf 89' lang='lat' dir='ltr'>non</span> <span class='ocrx_word' id='word_1_135' title='bbox 831 2536 1030 2630; x_wconf 87' lang='lat' dir='ltr'>reperimus.</span> <span class='ocrx_word' id='word_1_136' title='bbox 1047 2541 1133 2610; x_wconf 88' lang='lat' dir='ltr'>Cum</span> <span class='ocrx_word' id='word_1_137' title='bbox 1150 2539 1278 2612; x_wconf 86' lang='lat' dir='ltr'>scilicet</span> 
     </span>
     <span class='ocr_line' id='line_1_21' title="bbox 149 2651 1278 2747; baseline 0.006 -25"><span class='ocrx_word' id='word_1_138' title='bbox 149 2677 203 2724; x_wconf 86' lang='lat' dir='ltr'>eas</span> <span class='ocrx_word' id='word_1_139' title='bbox 220 2654 381 2724; x_wconf 88' lang='lat' dir='ltr'>veritates</span> <span class='ocrx_word' id='word_1_140' title='bbox 399 2667 578 2724; x_wconf 87' lang='lat' dir='ltr'>tuerentur</span> <span class='ocrx_word' id='word_1_141' title='bbox 595 2678 679 2746; x_wconf 91' lang='lat' dir='ltr'>quas</span> <span class='ocrx_word' id='word_1_142' title='bbox 693 2651 910 2747; x_wconf 85' lang='lat' dir='ltr'>liturgiarum</span> <span class='ocrx_word' id='word_1_143' title='bbox 918 2652 1154 2724; x_wconf 89' lang='lat' dir='ltr'>universalitas</span> <span class='ocrx_word' id='word_1_144' title='bbox 1164 2655 1278 2730; x_wconf 84' lang='lat' dir='ltr'>firnra·</span> 
     </span>
     <span class='ocr_line' id='line_1_22' title="bbox 149 2765 1278 2868; baseline 0.004 -30"><span class='ocrx_word' id='word_1_145' title='bbox 149 2767 220 2854; x_wconf 92' lang='lat' dir='ltr'>bat,</span> <span class='ocrx_word' id='word_1_146' title='bbox 242 2766 325 2838; x_wconf 89' lang='lat' dir='ltr'>illud</span> <span class='ocrx_word' id='word_1_147' title='bbox 344 2782 479 2839; x_wconf 89' lang='lat' dir='ltr'>tantum</span> <span class='ocrx_word' id='word_1_148' title='bbox 507 2766 694 2838; x_wconf 86' lang='lat' dir='ltr'>universale</span> <span class='ocrx_word' id='word_1_149' title='bbox 717 2765 932 2860; x_wconf 83' lang='lat' dir='ltr'>liturgiarum</span> <span class='ocrx_word' id='word_1_150' title='bbox 949 2770 1185 2840; x_wconf 89' lang='lat' dir='ltr'>testimonium</span> <span class='ocrx_word' id='word_1_151' title='bbox 1207 2769 1278 2868; x_wconf 90' lang='lat' dir='ltr'>ple·</span> 
     </span>
     <span class='ocr_line' id='line_1_23' title="bbox 150 2883 1277 2978; baseline 0.002 -26"><span class='ocrx_word' id='word_1_152' title='bbox 150 2908 296 2978; x_wconf 91' lang='lat' dir='ltr'>rumque</span> <span class='ocrx_word' id='word_1_153' title='bbox 310 2883 563 2956; x_wconf 86' lang='lat' dir='ltr'>invocarunt.A</span> <span class='ocrx_word' id='word_1_154' title='bbox 579 2883 844 2954; x_wconf 87' lang='lat' dir='ltr'>determinandis</span> <span class='ocrx_word' id='word_1_155' title='bbox 854 2898 968 2954; x_wconf 90' lang='lat' dir='ltr'>autem</span> <span class='ocrx_word' id='word_1_156' title='bbox 987 2883 1183 2976; x_wconf 87' lang='lat' dir='ltr'>hujusmodi</span> <span class='ocrx_word' id='word_1_157' title='bbox 1202 2886 1277 2954; x_wconf 91' lang='lat' dir='ltr'>uni-</span> 
     </span>
     <span class='ocr_line' id='line_1_24' title="bbox 149 2996 1365 3092; baseline 0.007 -28"><span class='ocrx_word' id='word_1_158' title='bbox 149 2996 350 3070; x_wconf 86' lang='lat' dir='ltr'>versalitatis</span> <span class='ocrx_word' id='word_1_159' title='bbox 386 2997 650 3088; x_wconf 88' lang='lat' dir='ltr'>conditionibus,</span> <span class='ocrx_word' id='word_1_160' title='bbox 684 2999 833 3092; x_wconf 89' lang='lat' dir='ltr'>itemque</span> <span class='ocrx_word' id='word_1_161' title='bbox 856 3025 884 3072; x_wconf 88' lang='lat' dir='ltr'>a</span> <span class='ocrx_word' id='word_1_162' title='bbox 909 2998 1128 3090; x_wconf 83' lang='lat' dir='ltr'>ponderando</span> <span class='ocrx_word' id='word_1_163' title='bbox 1163 2997 1278 3070; x_wconf 85' lang='lat' dir='ltr'>valore</span> <span class='ocrx_word' id='word_1_164' title='bbox 1359 3065 1365 3073; x_wconf 71' lang='grc'>,</span> 
     </span>
     <span class='ocr_line' id='line_1_25' title="bbox 151 3111 1276 3209; baseline 0.002 -29"><span class='ocrx_word' id='word_1_165' title='bbox 151 3111 345 3206; x_wconf 90' lang='lat' dir='ltr'>dogmatico</span> <span class='ocrx_word' id='word_1_166' title='bbox 367 3111 514 3206; x_wconf 84' lang='lat' dir='ltr'>liturgiae</span> <span class='ocrx_word' id='word_1_167' title='bbox 539 3116 703 3184; x_wconf 89' lang='lat' dir='ltr'>Romanae</span> <span class='ocrx_word' id='word_1_168' title='bbox 717 3113 856 3184; x_wconf 88' lang='lat' dir='ltr'>seorsim</span> <span class='ocrx_word' id='word_1_169' title='bbox 885 3127 1053 3206; x_wconf 71' lang='lat' dir='ltr'>spectatae,</span> <span class='ocrx_word' id='word_1_170' title='bbox 1076 3129 1237 3209; x_wconf 87' lang='lat' dir='ltr'>tanquam</span> <span class='ocrx_word' id='word_1_171' title='bbox 1258 3139 1276 3182; x_wconf 91' lang='lat' dir='ltr'>a</span> 
     </span>
     <span class='ocr_line' id='line_1_26' title="bbox 150 3226 1346 3322; baseline 0 -23"><span class='ocrx_word' id='word_1_172' title='bbox 150 3226 439 3320; x_wconf 82' lang='lat' dir='ltr'>quoestionibusad</span> <span class='ocrx_word' id='word_1_173' title='bbox 458 3252 599 3322; x_wconf 88' lang='lat' dir='ltr'>scopum</span> <span class='ocrx_word' id='word_1_174' title='bbox 610 3253 709 3298; x_wconf 89' lang='lat' dir='ltr'>suum</span> <span class='ocrx_word' id='word_1_175' title='bbox 727 3252 799 3300; x_wconf 88' lang='lat' dir='ltr'>non</span> <span class='ocrx_word' id='word_1_176' title='bbox 817 3228 1274 3309; x_wconf 59' lang='lat' dir='ltr'>necessariis,absumerent.</span> <span class='ocrx_word' id='word_1_177' title='bbox 1341 3296 1346 3306; x_wconf 92' lang='grc'>,</span> 
     </span>
     <span class='ocr_line' id='line_1_27' title="bbox 198 3341 1371 3436; baseline -0.001 -24"><span class='ocrx_word' id='word_1_178' title='bbox 198 3343 245 3412; x_wconf 78' lang='lat' dir='ltr'>Ar</span> <span class='ocrx_word' id='word_1_179' title='bbox 258 3367 338 3410; x_wconf 91' lang='lat' dir='ltr'>vero</span> <span class='ocrx_word' id='word_1_180' title='bbox 352 3341 380 3412; x_wconf 90' lang='lat' dir='ltr'>si</span> <span class='ocrx_word' id='word_1_181' title='bbox 389 3341 584 3412; x_wconf 86' lang='lat' dir='ltr'>attendatur</span> <span class='ocrx_word' id='word_1_182' title='bbox 601 3341 644 3412; x_wconf 92' lang='lat' dir='ltr'>ad</span> <span class='ocrx_word' id='word_1_183' title='bbox 663 3342 870 3436; x_wconf 87' lang='lat' dir='ltr'>principium</span> <span class='ocrx_word' id='word_1_184' title='bbox 886 3367 926 3410; x_wconf 85' lang='lat' dir='ltr'>ex</span> <span class='ocrx_word' id='word_1_185' title='bbox 938 3367 1006 3436; x_wconf 93' lang='lat' dir='ltr'>quo</span> <span class='ocrx_word' id='word_1_186' title='bbox 1028 3357 1188 3436; x_wconf 90' lang='lat' dir='ltr'>arguunt,</span> <span class='ocrx_word' id='word_1_187' title='bbox 1198 3345 1277 3414; x_wconf 85' lang='lat' dir='ltr'>sutis</span> <span class='ocrx_word' id='word_1_188' title='bbox 1368 3349 1371 3354; x_wconf 83' lang='lat'>&#39;</span> 
     </span>
     <span class='ocr_line' id='line_1_28' title="bbox 150 3455 1275 3553; baseline 0 -25"><span class='ocrx_word' id='word_1_189' title='bbox 150 3473 244 3553; x_wconf 87' lang='lat' dir='ltr'>patet</span> <span class='ocrx_word' id='word_1_190' title='bbox 264 3483 338 3526; x_wconf 91' lang='lat' dir='ltr'>eam</span> <span class='ocrx_word' id='word_1_191' title='bbox 358 3456 459 3529; x_wconf 80' lang='lat' dir='ltr'>fuisse</span> <span class='ocrx_word' id='word_1_192' title='bbox 481 3482 601 3529; x_wconf 88' lang='lat' dir='ltr'>eorum</span> <span class='ocrx_word' id='word_1_193' title='bbox 618 3471 780 3542; x_wconf 86' lang='lat' dir='ltr'>mentem,</span> <span class='ocrx_word' id='word_1_194' title='bbox 797 3471 835 3526; x_wconf 91' lang='lat' dir='ltr'>ut</span> <span class='ocrx_word' id='word_1_195' title='bbox 855 3457 955 3524; x_wconf 90' lang='lat' dir='ltr'>etiarn</span> <span class='ocrx_word' id='word_1_196' title='bbox 975 3455 1171 3550; x_wconf 90' lang='lat' dir='ltr'>dogmatum</span> <span class='ocrx_word' id='word_1_197' title='bbox 1190 3458 1275 3528; x_wconf 86' lang='lat' dir='ltr'>veri·</span> 
     </span>
     <span class='ocr_line' id='line_1_29' title="bbox 140 3569 1276 3668; baseline 0.001 -26"><span class='ocrx_word' id='word_1_198' title='bbox 140 3587 203 3668; x_wconf 25' lang='lat' dir='ltr'>&#39;tas</span> <span class='ocrx_word' id='word_1_199' title='bbox 221 3569 378 3646; x_wconf 87' lang='lat' dir='ltr'>concludi</span> <span class='ocrx_word' id='word_1_200' title='bbox 389 3571 494 3666; x_wconf 88' lang='lat' dir='ltr'>possit</span> <span class='ocrx_word' id='word_1_201' title='bbox 519 3587 593 3641; x_wconf 90' lang='lat' dir='ltr'>tum</span> <span class='ocrx_word' id='word_1_202' title='bbox 612 3596 656 3642; x_wconf 80' lang='lat' dir='ltr'>ex</span> <span class='ocrx_word' id='word_1_203' title='bbox 682 3569 857 3642; x_wconf 87' lang='lat' dir='ltr'>moraliter</span> <span class='ocrx_word' id='word_1_204' title='bbox 881 3569 1061 3641; x_wconf 91' lang='lat' dir='ltr'>universali</span> <span class='ocrx_word' id='word_1_205' title='bbox 1083 3572 1276 3643; x_wconf 89' lang='lat' dir='ltr'>testimonio</span> 
     </span>
     <span class='ocr_line' id='line_1_30' title="bbox 151 3685 1277 3788; baseline 0.002 -30"><span class='ocrx_word' id='word_1_206' title='bbox 151 3685 380 3782; x_wconf 85' lang='lat' dir='ltr'>liturgiarum,</span> <span class='ocrx_word' id='word_1_207' title='bbox 391 3701 464 3758; x_wconf 89' lang='lat' dir='ltr'>tum</span> <span class='ocrx_word' id='word_1_208' title='bbox 478 3713 521 3760; x_wconf 82' lang='lat' dir='ltr'>ex</span> <span class='ocrx_word' id='word_1_209' title='bbox 532 3687 769 3760; x_wconf 87' lang='lat' dir='ltr'>solaRomanae</span> <span class='ocrx_word' id='word_1_210' title='bbox 783 3685 939 3758; x_wconf 81' lang='lat' dir='ltr'>Ecclesiae</span> <span class='ocrx_word' id='word_1_211' title='bbox 953 3685 1173 3784; x_wconf 89' lang='lat' dir='ltr'>liturgia.Pr0</span> <span class='ocrx_word' id='word_1_212' title='bbox 1185 3690 1277 3788; x_wconf 87' lang='lat' dir='ltr'>prin·</span> 
     </span>
     <span class='ocr_line' id='line_1_31' title="bbox 151 3801 1277 3899; baseline 0.005 -27"><span class='ocrx_word' id='word_1_213' title='bbox 151 3803 241 3898; x_wconf 89' lang='lat' dir='ltr'>cipio</span> <span class='ocrx_word' id='word_1_214' title='bbox 266 3803 355 3874; x_wconf 87' lang='lat' dir='ltr'>enirn</span> <span class='ocrx_word' id='word_1_215' title='bbox 381 3817 416 3872; x_wconf 90' lang='lat' dir='ltr'>et</span> <span class='ocrx_word' id='word_1_216' title='bbox 444 3801 681 3893; x_wconf 77' lang='lat' dir='ltr'>fundamento,</span> <span class='ocrx_word' id='word_1_217' title='bbox 713 3829 782 3897; x_wconf 91' lang='lat' dir='ltr'>quo</span> <span class='ocrx_word' id='word_1_218' title='bbox 813 3818 919 3874; x_wconf 88' lang='lat' dir='ltr'>totam</span> <span class='ocrx_word' id='word_1_219' title='bbox 948 3805 1277 3899; x_wconf 81' lang='lat' dir='ltr'>argumentationem</span> 
     </span>
     <span class='ocr_line' id='line_1_32' title="bbox 151 3916 1276 4016; baseline 0.004 -28"><span class='ocrx_word' id='word_1_220' title='bbox 151 3933 449 4008; x_wconf 82' lang='lat' dir='ltr'>suamexstruunt,</span> <span class='ocrx_word' id='word_1_221' title='bbox 459 3918 637 3992; x_wconf 88' lang='lat' dir='ltr'>adducunt</span> <span class='ocrx_word' id='word_1_222' title='bbox 647 3918 735 3990; x_wconf 81' lang='lat' dir='ltr'>lianc</span> <span class='ocrx_word' id='word_1_223' title='bbox 745 3917 907 3992; x_wconf 87' lang='lat' dir='ltr'>doctrinae</span> <span class='ocrx_word' id='word_1_224' title='bbox 918 3916 1091 3990; x_wconf 77' lang='lat' dir='ltr'>catholice</span> <span class='ocrx_word' id='word_1_225' title='bbox 1102 3919 1276 4016; x_wconf 86' lang='lat' dir='ltr'>regulam:</span> 
     </span>
     <span class='ocr_line' id='line_1_33' title="bbox 151 4030 1278 4134; baseline 0 -30"><span class='ocrx_word' id='word_1_226' title='bbox 151 4037 232 4104; x_wconf 81' lang='lat' dir='ltr'>Non</span> <span class='ocrx_word' id='word_1_227' title='bbox 234 4058 343 4128; x_wconf 82' lang='lat' dir='ltr'>posse</span> <span class='ocrx_word' id='word_1_228' title='bbox 357 4033 554 4106; x_wconf 81' lang='lat' dir='ltr'>Ecclesiam</span> <span class='ocrx_word' id='word_1_229' title='bbox 563 4033 798 4108; x_wconf 81' lang='lat' dir='ltr'>tmr&#39;rerralem</span> <span class='ocrx_word' id='word_1_230' title='bbox 809 4030 1053 4130; x_wconf 75' lang='lat' dir='ltr'>snprqfitrndo</span> <span class='ocrx_word' id='word_1_231' title='bbox 1065 4033 1186 4134; x_wconf 79' lang='lat' dir='ltr'>aliquo</span> <span class='ocrx_word' id='word_1_232' title='bbox 1195 4033 1278 4134; x_wconf 82' lang='lat' dir='ltr'>dog-</span> 
     </span>
     <span class='ocr_line' id='line_1_34' title="bbox 150 4147 1278 4246; baseline 0.002 -26"><span class='ocrx_word' id='word_1_233' title='bbox 150 4166 247 4220; x_wconf 81' lang='lat' dir='ltr'>mate</span> <span class='ocrx_word' id='word_1_234' title='bbox 266 4175 396 4224; x_wconf 77' lang='lat' dir='ltr'>errare.</span> <span class='ocrx_word' id='word_1_235' title='bbox 424 4153 532 4222; x_wconf 88' lang='lat' dir='ltr'>Porro</span> <span class='ocrx_word' id='word_1_236' title='bbox 557 4150 764 4246; x_wconf 88' lang='lat' dir='ltr'>principium</span> <span class='ocrx_word' id='word_1_237' title='bbox 784 4149 875 4220; x_wconf 87' lang='lat' dir='ltr'>istud</span> <span class='ocrx_word' id='word_1_238' title='bbox 896 4163 996 4246; x_wconf 91' lang='lat' dir='ltr'>urget</span> <span class='ocrx_word' id='word_1_239' title='bbox 1013 4148 1056 4220; x_wconf 90' lang='lat' dir='ltr'>ad</span> <span class='ocrx_word' id='word_1_240' title='bbox 1075 4147 1278 4222; x_wconf 83' lang='lat' dir='ltr'>concluden-</span> 
     </span>
     <span class='ocr_line' id='line_1_35' title="bbox 152 4263 1277 4364; baseline -0.002 -30"><span class='ocrx_word' id='word_1_241' title='bbox 152 4263 234 4336; x_wconf 85' lang='lat' dir='ltr'>dum</span> <span class='ocrx_word' id='word_1_242' title='bbox 251 4266 352 4338; x_wconf 88' lang='lat' dir='ltr'>etiam</span> <span class='ocrx_word' id='word_1_243' title='bbox 368 4266 480 4362; x_wconf 86' lang='lat' dir='ltr'>quoad</span> <span class='ocrx_word' id='word_1_244' title='bbox 494 4266 677 4341; x_wconf 78' lang='lat' dir='ltr'>moraliter</span> <span class='ocrx_word' id='word_1_245' title='bbox 688 4264 878 4340; x_wconf 86' lang='lat' dir='ltr'>universale</span> <span class='ocrx_word' id='word_1_246' title='bbox 890 4263 1105 4364; x_wconf 87' lang='lat' dir='ltr'>liturgiarum</span> <span class='ocrx_word' id='word_1_247' title='bbox 1126 4267 1277 4336; x_wconf 89' lang='lat' dir='ltr'>testimo-</span> 
     </span>
     <span class='ocr_line' id='line_1_36' title="bbox 152 4378 1276 4481; baseline -0.003 -31"><span class='ocrx_word' id='word_1_248' title='bbox 152 4381 258 4454; x_wconf 86' lang='lat' dir='ltr'>nium.</span> <span class='ocrx_word' id='word_1_249' title='bbox 282 4385 371 4456; x_wconf 84' lang='lat' dir='ltr'>Nam</span> <span class='ocrx_word' id='word_1_250' title='bbox 385 4408 454 4454; x_wconf 88' lang='lat' dir='ltr'>non</span> <span class='ocrx_word' id='word_1_251' title='bbox 470 4399 604 4456; x_wconf 88' lang='lat' dir='ltr'>tantum</span> <span class='ocrx_word' id='word_1_252' title='bbox 622 4397 791 4481; x_wconf 88' lang='lat' dir='ltr'>repugnat</span> <span class='ocrx_word' id='word_1_253' title='bbox 806 4409 925 4458; x_wconf 85' lang='lat' dir='ltr'>omues</span> <span class='ocrx_word' id='word_1_254' title='bbox 940 4383 1080 4454; x_wconf 86' lang='lat' dir='ltr'>omnino</span> <span class='ocrx_word' id='word_1_255' title='bbox 1095 4378 1276 4452; x_wconf 88' lang='lat' dir='ltr'>catholicas</span> 
     </span>
    </p>
   </div>
   <div class='ocr_carea' id='block_1_6' title="bbox 1066 4494 1102 4566">
    <p class='ocr_par' dir='ltr' id='par_1_7' title="bbox 1066 4494 1102 4566">
     <span class='ocr_line' id='line_1_37' title="bbox 1066 4494 1102 4566; baseline -0.028 0"><span class='ocrx_word' id='word_1_256' title='bbox 1066 4494 1102 4566; x_wconf 85' lang='lat'>3.</span> 
     </span>
    </p>
   </div>
   <div class='ocr_carea' id='block_1_7' title="bbox 0 0 1523 5070">
    <p class='ocr_par' dir='ltr' id='par_1_8' title="bbox 0 0 1523 5070">
     <span class='ocr_line' id='line_1_38' title="bbox 0 0 1523 5070; baseline 0 0"><span class='ocrx_word' id='word_1_257' title='bbox 0 0 1523 5070; x_wconf 95' lang='lat' dir='ltr'> </span> 
     </span>
    </p>
   </div>
  </div>
 </body>
</html>
