2940 5072
244 374 317 456 nol
703 395 917 452 catenarus
983 413 986 424 ·

245 552 261 586 ιι
281 519 448 594 breviaria
457 535 495 599 ¹et
513 519 751 618 martyrologia
773 522 1080 594 emendarenturet
1094 524 1255 618 castigata
1279 525 1376 594 novi-

244 667 261 702 ιι
281 652 333 708 ter
350 637 542 708 ederentur.
563 641 690 708 Verum
707 639 800 732 quod
820 640 943 712 attinet
952 639 994 710 ad
1010 641 1257 730 correctionem
1273 641 1377 710 vestri

244 783 261 818 ιι
282 750 491 849 euchologii‚
510 752 616 848 quod,
640 767 680 824 ut
695 757 824 850 optime
841 756 961 843 nostis,
984 754 1068 830 nihil
1095 753 1187 826 aliud
1202 768 1252 824 est
1270 779 1374 847 quam

245 867 436 940 «collectio
462 865 762 944 ecclesiasticarum
785 893 922 964 precum
955 883 1056 964 atque
1081 869 1373 955 benedictionum,

245 1013 261 1048 ιι
281 982 435 1076 ideoque,
461 997 499 1054 ut
522 984 668 1054 Goarius
685 982 840 1077 explicat,
862 983 1017 1054 Ecclesiae
1042 999 1159 1060 vestrae
1178 961 1304 1052 rituale
1318 1008 1375 1052 seu

246 1127 263 1162 ιι
284 1097 450 1183 manuale,
467 1113 526 1168 aut
540 1097 744 1170 sacerdotale
758 1113 792 1170 et
807 1096 1001 1195 pontificale
1015 1098 1193 1170 commode
1207 1097 1377 1194 appellari

247 1228 406 1308 «posset,
422 1213 492 1284 duo
510 1215 724 1310 potissimum
747 1214 798 1286 his
818 1215 944 1286 nostris
965 1213 1086 1284 litteris
1111 1214 1242 1309 agenda
1266 1239 1377 1282 susce·

246 1355 262 1390 ιι
283 1329 406 1422 pimus.
423 1357 440 1392 s
454 1329 519 1398 Hic
542 1343 659 1398 narrat
682 1327 880 1398 Benedictus
894 1330 989 1416 xlv,
1012 1326 1186 1422 quomodo
1202 1327 1301 1421 graeci
1321 1327 1380 1396 euss

247 1442 394 1537 chologii
418 1443 621 1518 enrendandi
643 1468 732 1539 opus
749 1444 793 1515 ab
811 1443 952 1516 Urbano
972 1446 1058 1514 Vlll
1077 1457 1109 1513 et
1123 1443 1328 1514 Innocentio
1347 1447 1377 1513 X

247 1560 434 1656 inceptum,
464 1575 579 1656 postea
618 1561 863 1656 interruptum,
898 1585 917 1630 a
962 1561 1042 1632 siris
1066 1559 1143 1630 dein
1176 1558 1377 1631 doctissimis

247 1689 395 1769 quorum
409 1677 546 1748 nomina
576 1691 727 1746 recenset
749 1699 882 1746 summo
902 1675 1016 1746 studio
1031 1677 1269 1761 instauratum,
1290 1698 1378 1742 conr·

248 1789 353 1885 pulsis
373 1791 540 1885 precipue
559 1791 728 1861 veteribus
748 1789 957 1885 euchologiis
978 1791 1105 1886 grecis,
1124 1789 1262 1860 tandem
1280 1789 1378 1860 abso·

247 1903 357 1981 lutum
386 1904 528 1976 feliciter
554 1907 667 1976 fuerit.
690 1935 707 1970 ιι
730 1909 802 1978 Nos
826 1921 939 1976 autem
961 1905 1119 1976 omnibus
1139 1902 1314 1999 *perlectis
1348 1919 1377 1974 et

251 2048 267 2082 ιι
287 2034 419 2090 mature
435 2021 594 2115 pensatis,
615 2021 750 2092 easdem
766 2021 1063 2116 (congregatorum
1077 2021 1264 2090 sententias
1277 2035 1376 2116 atquc

252 2164 269 2198 ιι
287 2133 521 2230 resolutiones)
539 2151 643 2228 prout
655 2136 690 2206 in
703 2137 855 2206 Domino
866 2135 1027 2230 expedire
1046 2135 1153 2204 visum
1173 2149 1237 2224 est,
1260 2159 1377 2230 appro

251 2251 443 2321 cibavimus
464 2267 498 2320 et
524 2251 810 2324 confirmavimus.
841 2254 885 2321 Et
911 2251 975 2320 hac
995 2250 1132 2344 quidem
1156 2266 1290 2321 servata
1314 2277 1376 2320 rne-

251 2393 269 2430 ιι
291 2365 396 2436 thodo
414 2365 568 2438 absoluta
586 2381 637 2436 est
655 2364 846 2462 euchologii
866 2365 1047 2453 correctio,
1064 2379 1097 2436 et
1118 2389 1206 2436 uova
1226 2365 1374 2459 ejusdem

253 2508 271 2544 ιι
289 2478 394 2551 editio
417 2477 531 2576 elapso
549 2505 640 2552 anno
671 2480 760 2578 1754
782 2485 871 2577 typis
891 2480 1172 2576 Congregntionis
1190 2479 1233 2550 de
1255 2505 1375 2576 propa·

254 2625 271 2660 ιι
292 2595 401 2688 gairda
424 2595 492 2666 fide
519 2597 679 2692 impressa
707 2613 770 2667 est.
800 2627 815 2661 ιι
835 2596 1003 2668 Discussis
1024 2610 1138 2666 autem
1159 2620 1220 2689 per
1236 2592 1374 2688 longum

253 2707 366 2779 multis
382 2710 495 2806 magni
507 2711 598 2806 apud
619 2715 756 2783 Graecos
771 2711 931 2782 momenti
952 2711 1208 2805 questionibus,
1232 2711 1283 2780 sic
1301 2735 1376 2780 con·

253 2823 364 2896 cludit
384 2825 542 2919 prelatus
561 2827 717 2896 Pontifex
737 2828 771 2921 (S
790 2825 852 2925 75)
871 2853 879 2896 :
907 2855 925 2892 ιι
955 2831 1036 2898 Haec
1064 2826 1158 2896 vohis
1180 2825 1376 2920 exponenda

255 2967 273 3003 ιι
290 2940 494 3026 censuimus,
509 2940 717 3011 venerabiles
730 2942 863 3029 fratres,
881 2939 994 3015 dilecti
1009 2939 1084 3030 lilii,
1098 2966 1158 3035 per
1173 2941 1233 3010 lies
1249 2955 1375 3010 nostras

255 3083 273 3120 ιι
294 3054 481 3148 encyclicas
500 3052 642 3146 litteras,
665 3071 756 3126 utet
776 3081 893 3128 causas
917 3054 1114 3150 intelligatis
1131 3055 1176 3124 ob
1191 3059 1374 3149 quasApo·

255 3197 273 3233 ιι
293 3167 409 3240 stolica
428 3168 522 3240 sedes
541 3168 741 3240 laboriosam
761 3172 850 3241 hanc
863 3170 1070 3266 provinciam
1085 3169 1288 3264 jamdudum
1306 3194 1374 3238 sns-

256 3314 274 3350 ιι
294 3286 485 3382 cipiendam
513 3287 738 3374 existimavit,
768 3303 805 3358 ut
829 3285 1021 3382 euchologii
1050 3287 1152 3358 vestri
1177 3285 1373 3356 correctioni

257 3429 275 3466 ιι
292 3425 413 3472 mantis
425 3417 610 3499 apponeret
622 3428 632 3490 ;
645 3417 678 3474 et
691 3403 787 3476 vobis
805 3417 1016 3500 compertum
1034 3401 1092 3486 sit,
1108 3425 1178 3496 qua
1193 3399 1374 3497 diligentia,

258 3544 276 3581 ιι
294 3541 364 3609 quo
382 3517 507 3602 studio,
519 3532 552 3586 et
568 3541 670 3611 quam
682 3543 778 3612 oequa
795 3517 1020 3612 prudentique
1039 3515 1171 3586 ratione
1187 3527 1373 3608 susceptum

258 3657 276 3692 ιι
297 3653 384 3725 opus
394 3646 566 3724 peractum
577 3631 689 3702 luerit.
705 3636 835 3704 Intacta
853 3629 969 3701 relicta
987 3644 1067 3700 sunt
1084 3630 1199 3700 omnia
1210 3651 1372 3722 quecum-

259 3773 276 3810 ιι
299 3767 366 3838 que
382 3759 513 3840 reperta
535 3760 616 3817 sunt
634 3747 670 3815 in
686 3747 724 3816 iis
741 3745 949 3843 euclrologiis
967 3770 1043 3842 quae
1056 3744 1259 3839 antiquitate
1272 3758 1306 3814 ct
1325 3766 1375 3811 au·

258 3887 276 3922 ιι
295 3859 453 3930 ctoritate
471 3861 599 3930 caeteris
622 3875 805 3955 praestant:
824 3859 911 3932 nihil
931 3860 1131 3954 ademptum
1149 3874 1210 3930 aut
1228 3857 1373 3928 emenda·

259 4001 277 4036 ιι
295 3987 369 4042 tum
405 3988 468 4061 est,
500 3975 565 4044 nisi
591 3976 684 4070 quod
724 3977 759 4045 in
790 3977 994 4047 recentiores
1025 3974 1186 4069 quasdam
1220 3974 1372 4046 editiones

260 4117 279 4156 ιι
297 4088 540 4162 nonnullorum
556 4093 733 4164 oscitantia
751 4109 810 4164 aut
832 4093 958 4166 malitia
976 4092 1146 4188 irrepsisse
1164 4092 1369 4187 apparuit...

262 4233 280 4270 ιι
298 4207 460 4277 Vestrum
474 4206 538 4274 erit
552 4208 586 4274 in
602 4224 771 4302 posterum
784 4223 936 4280 correcta
949 4209 1013 4278 ltac
1031 4205 1222 4300 euclrologii
1236 4207 1373 4274 editione

261 4322 366 4410 ιιιιιί,
384 4347 424 4391 ae
446 4321 625 4418 diligenter
640 4350 759 4398 curare
773 4341 822 4414 ut,
839 4327 866 4400 si
887 4351 972 4398 nora
985 4325 1099 4419 aliqua
1112 4325 1261 4420 ejusdem
1280 4321 1373 4392 editio

262 4465 279 4504 ιι
298 4437 372 4528 fiat,
390 4462 429 4510 ea
447 4438 661 4512 adnormnm
673 4440 774 4534 liujus
786 4444 945 4514 omuibus
960 4442 1109 4514 numeris
1126 4441 1299 4537 exigatur3
1312 4459 1372 4532 qno
1460 4515 1461 4532 χ
