2978 5076
698 377 743 422 ‘l’ll
749 377 903 424 AOEATUS

683 607 829 676 CAPUT
855 609 916 676 111.

238 853 331 900 ANTE
351 851 524 900 §mutuat
547 850 722 897 ocrtvutr
738 851 858 896 SUUM!
877 849 1087 898 PONTlflCss
1102 851 1289 900 necmias
1303 853 1368 901 OC·

288 969 455 1018 crunnus
485 969 536 1014 AD
571 967 789 1026 sttQunrtum
820 967 1027 1014 ntruaoratt
1058 967 1243 1014 aonam
1275 970 1368 1016 SAEPE

286 1083 430 1143 Quinum
448 1081 607 1128 Hortatur
624 1081 763 1147 natur,
785 1081 860 1127 nott
876 1082 1000 1128 TAMEN
1025 1081 1140 1128 tunm
1158 1082 1367 1130 urrunnun

289 1198 439 1246 statere
457 1196 734 1244 onntctromatt
749 1196 947 1244 arcentur.

290 1416 317 1483 l.
336 1418 410 1484 Jam
433 1413 496 1483 sub
513 1413 618 1483 finem
643 1415 755 1509 quarti
783 1413 895 1484 saculi
919 1439 1028 1485 unam
1046 1412 1274 1512 detcplinam
1299 1441 1371 1513 per

241 1553 365 1599 omnes
378 1529 547 1600 ecclesias
567 1555 639 1600 esse
656 1531 915 1601 custodiendam
940 1532 1119 1627 scripserat
1132 1547 1268 1601 saumas
1281 1533 1367 1602 Siri-

239 1644 312 1714 cius
328 1649 418 1740 Papa
433 1645 733 1716 :acatholicorum
750 1645 994 1740 Episcoporum
1009 1669 1111 1716 unam
1120 1645 1367 1716 confessionem

243 1785 261 1820 ι
279 1782 349 1826 esse
364 1757 489 1829 debere
508 1758 692 1854 apostolica
720 1759 895 1856 disciplina
918 1762 1119 1856 composuit.
1138 1761 1174 1832 Si
1194 1785 1278 1855 ergo
1296 1785 1366 1830 una

243 1872 361 1942 «fides
386 1888 454 1961 est,
476 1898 614 1943 manere
633 1875 733 1944 debet
756 1891 789 1945 et
814 1901 880 1946 una
906 1876 1055 1946 traditio.
1082 1877 1206 1945 Sinna
1226 1876 1367 1946 traditio

242 2015 259 2052 a
277 2002 348 2077 est,
371 2013 438 2058 una
456 1987 557 2058 debet
575 1988 755 2085 disciplina
776 2015 838 2084 per
859 2015 975 2059 omnes
989 1989 1146 2060 ecclesias
1165 1991 1331 2060 custodiri
1346 2021 1364 2056 s

238 2103 422 2202 (Epistulae
436 2108 669 2175 Romanorum
690 2105 891 2176 Pontificum
908 2131 929 2176 a
953 2109 991 2176 P.
1011 2108 1177 2175 Constant
1197 2103 1367 2195 collectas,

239 2245 273 2314 p.
296 2219 396 2317 692).

288 2339 353 2405 Per
379 2335 471 2406 illam
496 2334 696 2434 discipline
717 2340 889 2408 unitatem
919 2337 961 2406 de
980 2363 1047 2432 qua
1075 2336 1228 2432 loquitur
1256 2337 1368 2407 dictus

238 2451 408 2541 Pontifex,
426 2451 683 2546 intelligendam
703 2455 805 2522 etiam
828 2477 900 2522 esse
919 2455 1069 2522 strictam
1091 2454 1127 2522 in
1143 2455 1302 2523 omnibus
1323 2453 1367 2522 lt-

238 2569 363 2666 turgiae
375 2569 562 2652 unitatem,
580 2567 678 2636 nobis
691 2593 759 2636 non
770 2568 903 2636 videtur
913 2569 1050 2664 probari
1065 2593 1174 2664 posse.
1190 2571 1238 2638 Ea
1254 2586 1367 2640 tamen

241 2682 342 2751 verba
360 2681 430 2775 jam
444 2707 512 2751 non
531 2681 675 2751 obscure
690 2683 964 2778 praenuntiabant
978 2685 1234 2778 subsecuturam
1247 2689 1369 2756 Roma·

242 2821 368 2866 norum
379 2797 585 2867 Pontificum
608 2796 889 2888 sollicitudinem,
902 2815 942 2868 nt
962 2802 1103 2896 proprie
1118 2800 1207 2870 dicta
1223 2800 1368 2897 liturgia

242 2912 356 2981 unitas
370 2913 403 2980 in
419 2911 619 2996 Occidente,
635 2912 783 3006 generali
800 2915 950 3009 primum
960 2915 1207 3000 exhortatione,
1220 2930 1253 2985 et
1269 2941 1369 3009 gene·

235 3026 298 3096 rali
315 3044 430 3122 postea
445 3025 518 3122 lege
537 3027 757 3124 (quibusdam
780 3030 951 3124 permissis
970 3028 1241 3124 exceptionibus)
1262 3027 1368 3098 indu-

235 3158 389 3214 ceretur.

290 3261 339 3328 11.
354 3257 447 3328 Idem
459 3258 580 3329 saeculo
590 3261 711 3355 quinto
726 3258 890 3328 innuebat
899 3274 1035 3329 sanctus
1048 3258 1248 3330 Caelestinus
1255 3263 1346 3354 Papa
1360 3283 1368 3326 :

244 3375 564 3447 «obsecrationum
587 3401 723 3472 quoque
744 3374 1002 3444 sacerdotalium
1028 3390 1237 3446 sacramenta
1257 3375 1369 3469 respi-

245 3518 262 3554 α
282 3491 423 3581 ciamus,
441 3517 517 3587 quae
534 3491 577 3561 ab
596 3490 758 3586 apostolis
777 3489 899 3560 tradita
919 3491 954 3559 in
975 3505 1047 3560 toto
1062 3490 1192 3561 mundo
1210 3505 1313 3585 atque
1334 3492 1368 3558 in

246 3633 265 3670 α
281 3607 376 3675 omni
393 3605 541 3676 Ecclesia
556 3606 721 3676 catholica
732 3605 951 3703 uniformiter
961 3605 1193 3694 celebrantnr3
1211 3621 1250 3674 ut
1262 3604 1367 3700 legem

244 3721 438 3790 «credendi
460 3720 513 3789 lex
531 3735 658 3791 statuat
677 3720 919 3816 supplicandi»
946 3721 1067 3817 (Epist.
1085 3747 1150 3808 αι,
1170 3721 1263 3817 apud
1277 3725 1367 3793 Cou-

241 3837 360 3930 stant).
381 3840 474 3906 Dum
489 3836 579 3904 enim
596 3837 643 3906 ibi
657 3836 699 3905 ab
712 3837 946 3908 uniformitate
966 3837 1128 3933 precandi
1142 3836 1184 3907 ad
1201 3836 1367 3931 dogmatis

240 3953 419 4022 veritatem
432 3952 659 4046 concluditur,
670 3956 931 4051 exspectandum
943 3971 1015 4026 erat
1028 3956 1106 4027 lore·
1117 3969 1155 4026 ut
1171 3953 1363 4050 aliquando,

243 4067 286 4136 ad
305 4067 503 4138 servandam
518 4067 694 4140 sollicitius
708 4070 875 4166 dogmatis
893 4072 1094 4167 puritatem,
1112 4070 1228 4141 eadem
1242 4071 1275 4138 in
1289 4095 1366 4164 sup-

234 4181 402 4277 plicando
418 4183 562 4254 formula
582 4187 828 4282 injungeretur.

293 4302 358 4369 ΙΙΙ.
384 4300 437 4370 Ad
456 4316 610 4371 sanctum
634 4328 715 4373 vero
733 4306 974 4373 Innocentenl
1004 4304 1061 4372 ubi
1082 4302 1275 4394 devenitur,
1298 4302 1364 4397 jam

229 4418 377 4487 occurrit
402 4441 560 4514 expressa
581 4419 777 4490 cohortatio
800 4435 838 4489 ut
864 4445 982 4491 omnes
1001 4420 1199 4493 Occidentis
1220 4418 1362 4490 ecclesia
