3018 5070
241 311 284 385 18
695 328 901 380 anserinus

237 487 308 538 esse
329 485 403 536 eam
427 459 537 555 ipsam
554 482 655 550 quam
675 457 833 551 exprimit
858 457 965 554 ipsius
987 456 1137 554 liturgia,
1163 457 1235 530 duo
1254 463 1367 556 requi·

237 593 361 652 rantur
380 593 416 648 et
431 575 606 648 sufiiciunt
628 601 638 644 ι
664 575 699 644 t⁰
714 579 762 648 Ut
781 591 916 648 eertum
929 576 974 648 sit
984 602 1044 670 per
1062 575 1235 673 liturgiam
1247 605 1365 674 quam-

235 695 317 770 libet
333 691 647 791 erprimialiqnam
670 691 872 766 doctrinam.
893 691 932 764 2⁰
957 695 1004 765 Ut
1022 717 1089 768 non
1107 695 1211 785 possit
1224 715 1295 766 esse
1311 694 1365 764 di·

234 812 374 886 versitas
382 808 579 886 interfidcm
591 833 649 880 seu
660 807 849 880 doctrinam
863 807 1005 902 alicujus
1020 805 1367 903 popult,etfidemsen

164 909 169 916 ι
236 927 429 1004 doctrinam
448 949 550 1018 quam
561 923 651 996 clare
665 925 823 1019 exprimit
842 923 978 1018 liturgia
995 924 1086 1019 apud
1104 924 1215 1018 ipsum
1233 926 1364 1020 vigens.

236 1043 340 1136 Atqui
359 1043 429 1110 baec
444 1041 512 1108 duo
530 1055 620 1110 certa
639 1055 731 1112 sunt.
743 1043 788 1116 Et
798 1040 912 1134 ¹primo
926 1039 1074 1134 quidem,
1093 1065 1167 1115 eam
1182 1065 1253 1113 esse
1267 1040 1367 1113 litura

237 1159 476 1252 giaetnaturam
495 1172 534 1228 ut
555 1171 734 1251 sculperet
752 1157 940 1229 necessario
962 1155 1150 1230 doctrinam
1164 1181 1224 1228 seu
1243 1156 1365 1254 dogma

236 1275 412 1368 exprimat,
431 1273 637 1346 ostendimus
661 1273 696 1343 iu
714 1273 878 1366 superiori
893 1273 1127 1368 paragrapho.
1150 1272 1367 1345 Concordare

235 1403 350 1464 autem
375 1388 565 1460 necessario
586 1386 688 1458 fidem
702 1385 845 1481 alicujus
864 1385 984 1482 populi
1003 1412 1082 1456 cum
1102 1386 1167 1456 fide
1187 1412 1288 1481 quam
1311 1413 1367 1459 ert*¹

235 1504 351 1599 primit
367 1504 472 1598 ipsius
494 1500 739 1596 liturgia‚facili
763 1503 899 1596 negotio
916 1504 1053 1597 probari
1072 1519 1195 1597 potest.
1215 1503 1251 1576 Si
1274 1503 1365 1577 enirn

235 1617 357 1714 aliquis
376 1617 521 1714 populus
545 1643 605 1687 seu
627 1617 741 1712 aliqua
753 1618 895 1692 societas
911 1619 1064 1714 religiosa
1084 1644 1253 1713 persuum
1270 1616 1368 1696 lituu

236 1738 326 1834 giam
342 1737 542 1830 exprimeret
553 1735 744 1808 doctrinam
765 1736 808 1806 ab
826 1761 865 1808 ea
884 1761 987 1828 quam
1004 1761 1118 1808 revera
1141 1751 1244 1824 tenet,
1260 1737 1368 1806 diver-

236 1877 321 1942 sam,
351 1853 386 1922 id
404 1851 532 1922 faceret
552 1849 604 1921 vel
631 1851 789 1940 scienter,
812 1850 867 1924 vel
893 1876 1062 1924 erronee:
1085 1853 1184 1946 atqui
1207 1867 1366 1925 neutrum

237 1968 383 2063 supponi
403 1981 513 2061 potest
534 1993 541 2036 :
564 1991 634 2036 non
645 1969 811 2040 scienter:
826 1981 908 2039 tuuc
927 1967 1025 2038 enirn.
1037 1966 1146 2039 clerus
1166 1983 1201 2040 et
1220 1967 1368 2062 populus

236 2083 338 2162 sciret
362 2107 396 2152 se
421 2082 549 2177 lingere
564 2097 598 2152 et
612 2080 747 2176 publice
769 2081 922 2176 profiteri
943 2082 1058 2168 fidens,
1076 2109 1178 2178 quam
1193 2099 1366 2176 reputaret

237 2223 413 2274 erroneam
430 2213 462 2267 ct
478 2197 636 2294 impiam:
654 2197 690 2269 in
711 2196 778 2268 tale
800 2213 912 2272 auteur
928 2198 1139 2272 mendacium
1160 2191 1365 2271 unanimiter

236 2317 417 2393 anauniae
442 2327 615 2407 nequeunt
637 2310 747 2386 clerus
761 2329 795 2386 et
816 2312 961 2408 populus
976 2317 1105 2408 absque
1126 2313 1193 2387 ulla
1215 2315 1364 2400 ratione,

235 2430 272 2503 id
280 2442 414 2503 tauttun
425 2427 577 2499 accidere
584 2441 696 2522 potest
702 2451 764 2521 per
774 2442 994 2503 transennam
1002 2429 1045 2498 ob
1054 2431 1225 2502 incussum
1236 2444 1365 2501 metum

235 2560 269 2618 et
286 2544 413 2617 illatam
429 2541 646 2624 uiolentiam
658 2543 759 2637 atque
775 2544 876 2616 etiam
895 2561 978 2616 tunc
990 2571 1059 2616 non
1073 2570 1189 2619 omnes
1200 2545 1309 2617 solent
1321 2545 1364 2616 ad

237 2659 407 2736 vitandam
428 2683 544 2734 necem
565 2656 672 2732 aliave
689 2657 891 2730 detrimenta
911 2659 1108 2756 religionem
1130 2661 1364 2754 singerequam

236 2775 352 2852 fabam
372 2799 411 2845 ac
428 2771 570 2867 proinde
589 2771 785 2868 sacrilegam
798 2776 987 2848 existimant
998 2802 1008 2862 ;
1021 2775 1080 2846 sed
1094 2774 1193 2856 multi
1205 2776 1365 2850 resistunt

235 2906 424 2967 etrnortem
439 2903 666 2984 anteponunt.
688 2891 774 2980 Quae
787 2892 1014 2987 repugnantia
1032 2891 1076 2960 ad
1093 2890 1287 2984 fingendam
1304 2888 1364 2966 tul·

236 3003 543 3100 sannreligionem,
565 3003 657 3099 apud
672 3005 856 3078 catholicos
881 3006 1049 3100 praecipue
1071 3002 1216 3102 populos
1233 3031 1364 3086 summa

233 3147 368 3217 semper
388 3122 473 3210 erit,
493 3121 573 3215 quia
595 3119 662 3192 hoe
679 3121 752 3215 ipso
775 3121 871 3216 quad
895 3123 964 3196 sint
986 3120 1159 3214 catholici,
1185 3135 1364 3216 procerte

235 3253 351 3314 tenent
364 3237 560 3332 hujusmodi
574 3235 744 3331 publicam
759 3238 960 3332 apostasiam
976 3237 1083 3310 scelus
1102 3263 1173 3318 esse
1188 3263 1365 3331 quammav

234 3357 374 3428 ximum.
396 3355 510 3442 Unde,
540 3351 669 3426 seclusa
688 3351 862 3443 violentia,
880 3352 1084 3449 impossibile
1103 3368 1154 3425 cst
1166 3355 1364 3432 societatem

233 3473 385 3568 aliquam
407 3469 611 3565 religiosam,
638 3468 857 3540 christianam
881 3469 1068 3567 praesertim
1095 3483 1130 3540 et
1152 3467 1364 3558 catholicam,

234 3590 425 3660 consentire
442 3587 485 3654 ad
500 3584 731 3683 profitendum
752 3588 895 3657 scienter
911 3613 971 3682 per
988 3585 1117 3658 cultum
1135 3603 1312 3662 externum
1329 3599 1365 3658 et

233 3701 408 3799 publicum
425 3726 484 3771 seu
503 3725 566 3795 per
581 3697 767 3795 liturgiam,
782 3700 899 3771 falsam
919 3717 1021 3796 atque
1037 3702 1175 3797 impiam
1191 3699 1364 3796 religionis

232 3818 437 3890 doctrinam.
459 3815 526 3887 Sed
554 3823 665 3909 neque
693 3815 728 3884 id
755 3817 905 3888 accidere
932 3832 1044 3913 potest
1066 3842 1220 3907 erronee,
1245 3815 1364 3887 saltem

233 3933 345 4032 quoad
371 3959 425 4003 eas
445 3931 589 4028 liturgiae
611 3945 722 4028 partes
740 3960 814 4030 quae
835 3936 930 4006 clure
948 3933 1136 4026 doctrinam
1159 3958 1216 4003 seu
1238 3933 1365 4028 dogma
1420 3918 1421 3921 Ἴ

233 4054 438 4150 exprimunt.
466 4054 538 4120 Hoc
569 4048 642 4144 ipso
661 4050 751 4120 enim
776 4051 869 4146 qnod
889 4049 1042 4120 doctrina
1066 4066 1279 4147 supponatur
1304 4073 1366 4144 per

233 4170 404 4266 liturgiam
429 4167 526 4240 clare
551 4189 721 4262 expressa,
746 4168 856 4240 omnis
877 4165 1083 4266 generaliter.
1098 4163 1262 4262 populus,
1284 4164 1366 4238 doc·

219 4291 259 4360 ti
278 4287 461 4384 praesertim
485 4289 603 4362 viriet
624 4286 827 4380 sacerdotes,
854 4287 1031 4358 advertent
1059 4282 1249 4354 doctrinam
1269 4279 1364 4353 illam

233 4423 304 4478 esse
325 4403 405 4476 fidei
415 4429 481 4476 sua
496 4405 717 4499 contra-riam,
729 4403 1008 4480 erfuudutenur
1022 4399 1170 4500 liturgiae
1189 4397 1364 4474 introduc·
