2978 5076
252 372 318 444 180
705 391 912 442 mauranus

243 521 440 619 officiorum
458 520 556 607 ordo,
583 521 648 618 qui
667 543 761 591 nunc
770 545 838 618 per
852 527 1050 592 Romanum
1062 522 1180 596 orbem
1198 543 1366 613 seruatur,

237 655 322 736 post
341 639 587 736 antiquitatem
606 636 727 706 nertltis
748 635 963 732 temporibus
982 637 1167 725 stolatam,
1190 656 1244 710 est
1265 644 1369 713 insti·

242 771 350 842 tutus,
368 768 402 824 et
417 751 468 822 acl
475 775 617 822 ornnem
626 752 855 822 eminentiam
866 767 1000 822 sanctae
1014 752 1194 853 religionis
1209 770 1266 825 est
1276 755 1369 827 dila-

241 885 347 939 tatus.
364 873 548 939 Crescente
562 868 657 936 enim
664 863 832 957 fidelium
843 889 1000 954 numeru,
1017 883 1055 938 et
1065 869 1244 940 hereseon
1252 875 1366 966 pesti·

239 985 348 1056 lentia
377 983 607 1080 multiplicius
616 1005 745 1078 pacem
762 981 964 1053 maculante
977 981 1202 1071 catholicam,
1226 1009 1368 1056 necesse

239 1117 318 1170 erat
328 1101 453 1197 augeri
462 1098 591 1169 cultum
605 1122 704 1168 uerae
716 1097 976 1187 observationis,
992 1115 1080 1168 utet
1097 1099 1225 1170 clarior
1245 1101 1367 1201 religio

237 1214 480 1286 accedentium
508 1211 561 1283 tul
576 1211 688 1300 sidem
706 1215 845 1282 animos
861 1215 1066 1285 invitaret...
1091 1214 1278 1313 Pririlegto
1296 1222 1365 1288 no-

237 1354 353 1402 mana
371 1329 466 1402 seclis
485 1328 664 1399 observato
671 1326 817 1421 suctum
830 1343 885 1398 est
901 1344 940 1399 ut
958 1330 996 1398 in
1014 1328 1280 1426 ornm'buspene
1296 1336 1364 1402 Lu-

238 1453 391 1517 tinorum
413 1445 568 1514 ecclesiis
589 1442 799 1516 consuetudo
817 1459 854 1514 et
867 1446 1110 1543 magisterium
1129 1443 1290 1542 ejusdem
1312 1471 1365 1518 so·

235 1561 291 1632 au
304 1561 534 1657 pr·oevuleret,·
549 1560 636 1657 quia
654 1583 724 1628 non
738 1573 794 1628 est
808 1558 884 1628 aliu
896 1557 1041 1629 traditio
1052 1585 1151 1658 nque
1165 1561 1359 1658 sequenda,

235 1677 297 1747 uel
308 1679 345 1745 in
357 1674 455 1765 fidei
470 1673 603 1770 regula,
619 1673 673 1743 rel
684 1675 723 1742 in
740 1673 1019 1745 obseruationum
1041 1673 1214 1747 doctrina.
1224 1675 1360 1773 (Walal.

234 1793 358 1861 Strabo
379 1791 421 1860 de
448 1790 561 1858 Rebus
577 1787 707 1876 eccles,
721 1815 797 1886 cap.
819 1789 894 1885 25.)

281 1909 343 1976 His
366 1931 446 1975 vcro
464 1906 666 1975 testimoniis
683 1905 875 1975 addendum
898 1920 949 1975 est
973 1906 1097 1977 factum
1113 1909 1237 2004 ipsum,
1258 1929 1298 1978 ut
1312 1911 1358 1980 itu

231 2022 353 2110 dicam,
374 2021 552 2116 palpabile,
571 2020 714 2115 liturgiae
729 2023 850 2090 veteris
864 2021 1057 2108 Gallicanae,
1071 2047 1174 2117 quam
1197 2047 1216 2091 e
1239 2024 1356 2118 pulve-

232 2139 375 2208 rulentis
399 2139 635 2232 manuscriptis
652 2161 775 2233 magna
797 2163 838 2206 ex
862 2151 957 2232 parte
976 2140 1121 2208 retexuit
1136 2153 1239 2234 atque
1253 2140 1359 2212 edidit

231 2253 463 2324 Mabillonius.
481 2252 701 2347 Exploratum
716 2255 807 2321 enim
823 2252 913 2347 apud
934 2252 1085 2324 eruditos
1099 2269 1149 2324 est
1166 2255 1359 2348 hujusmodi

231 2369 402 2464 liturgiam
420 2382 499 2438 ante
515 2383 671 2437 octavum
689 2366 848 2436 saeculum
864 2371 898 2436 in
919 2391 980 2436 usu
998 2367 1090 2461 apud
1105 2367 1223 2438 Gallos
1241 2370 1359 2460 fuisse,

231 2509 293 2554 nec
319 2485 434 2552 minus
461 2497 591 2551 certum
623 2496 673 2550 est
700 2481 851 2569 camah
880 2481 984 2551 altera
1003 2507 1078 2576 quae
1098 2498 1174 2578 post
1197 2499 1356 2555 octavum

229 2597 385 2668 saeculnm
403 2599 547 2692 viguisse
556 2611 698 2683 constat,
711 2621 780 2666 esse
790 2596 1055 2667 substantialiter
1068 2597 1244 2668 diversam.
1262 2605 1353 2697 Ergo

228 2727 350 2782 octavo
373 2710 496 2782 saeculo
517 2711 604 2781 facta
626 2727 676 2781 est
703 2737 722 2780 a
749 2712 854 2806 priori
887 2711 930 2780 ad
963 2716 1197 2806 posteriorem,
1224 2715 1268 2784 ad
1288 2720 1353 2786 Ro·

226 2853 360 2897 ananam
381 2849 511 2920 nempe,
531 2827 796 2921 transmigratio.

275 2949 323 3014 Ex
340 2945 380 3013 iis
395 2969 498 3040 porro
512 2941 724 3011 documentis
737 2943 862 3012 invicte
874 2958 977 3038 patet,
991 2967 1063 3014 non
1078 2959 1214 3015 cantum
1232 2946 1352 3017 solum·

226 3062 341 3149 mod0‚
359 3061 417 3130 sed
430 3077 463 3130 et
473 3061 577 3154 ipsam
590 3058 761 3153 liturgiam
779 3062 940 3129 Romanae
956 3059 1125 3148 Ecclesia,
1143 3063 1177 3130 in
1194 3060 1351 3148 Galliam,

225 3175 370 3264 ltaliam,
401 3176 633 3262 Germaniam,
669 3177 860 3263 Saxoniam,
891 3175 1237 3271 septentrionalesque
1271 3176 1352 3272 alias

226 3292 353 3386 plagas,
384 3288 498 3362 Caroli
523 3291 641 3387 Magni
675 3305 829 3386 tempore
858 3291 960 3360 fuisse
984 3292 1224 3382 introductam,
1251 3308 1351 3389 atque

226 3411 349 3480 ibidem
366 3409 523 3507 viguisse.

272 3527 324 3595 le
334 3525 435 3595 Sedes
453 3539 565 3595 tamen
586 3523 777 3619 apostolica
791 3549 861 3594 non
878 3525 1015 3595 videtur
1033 3541 1117 3596 tunc
1131 3551 1267 3597 omnem
1287 3551 1351 3622 po·

222 3655 377 3712 testatem
397 3642 430 3710 in
448 3665 499 3710 res
515 3637 688 3735 liturgicas
703 3641 749 3709 ita
766 3641 829 3709 sibi
843 3663 1037 3730 reservasse,
1049 3657 1087 3711 ut
1105 3665 1349 3712 nonremanse·

223 3761 266 3827 rit
278 3757 365 3828 sicut
382 3771 479 3826 antea
499 3779 600 3850 penes
616 3755 805 3826 ordinarios
825 3756 976 3826 locorum
989 3756 1157 3851 praelatos,
1169 3773 1229 3828 aut
1247 3783 1347 3853 penes

222 3875 363 3945 concilia
381 3872 615 3968 provincialia,
625 3873 682 3967 jus
703 3872 815 3968 aliqua
833 3897 898 3969 pro
916 3874 1171 3968 opportunitate
1188 3873 1347 3961 addendi,

220 3990 333 4060 officia
352 3989 512 4084 quaedam
521 3989 661 4087 propria
676 3989 737 4058 sibi
756 3989 947 4076 ordinandi,
962 4002 1065 4084 atque
1084 3987 1174 4060 leves
1191 3988 1274 4061 alias
1288 3991 1348 4059 im·

222 4109 424 4178 numatianus
441 4106 500 4174 ubi
523 4105 633 4176 visum
655 4105 742 4175 soret
763 4105 956 4176 inducendi.

268 4222 505 4294 Omnimodam
527 4221 616 4290 enim
633 4221 825 4316 hujusmodi
849 4221 1110 4291 reservationem
1128 4235 1345 4290 monumenta

219 4340 314 4411 nulla
337 4353 513 4426 testantur,
532 4337 624 4408 nulla
641 4338 801 4408 innuunt.
822 4341 984 4408 Praeterea
1007 4351 1137 4408 certum
1155 4351 1205 4407 est
1223 4335 1343 4405 multas

220 4455 380 4550 paulatim
411 4453 602 4524 labentibus
626 4452 753 4525 saeculis
780 4453 992 4525 introductas
1020 4453 1209 4526 additiones
1239 4465 1339 4548 atque
