2978 5076
251 312 317 409 rgti
621 363 624 372 .
697 331 906 382 reserares

243 495 259 528 ι
279 489 353 558 quae
374 463 552 555 breviaria,
574 462 733 550 ruissolia,
750 459 920 532 manualia
948 485 1006 530 seu
1024 459 1234 555 baptismalia
1254 465 1368 534 nomi·

243 605 260 642 ιι
278 603 399 648 namus
419 605 427 648 :
450 594 484 648 ut
498 579 567 674 jam
585 577 761 647 necessitas
783 575 948 669 efflagitet
966 599 1126 669 magnum
1144 576 1218 670 ejus
1237 583 1368 672 generis

242 691 442 763 nlilnurum
471 717 648 764 nurnerunr
673 691 793 762 excudi
821 690 896 762 :ad
923 691 993 760 baec
1023 691 1104 786 quia
1132 707 1296 763 vetustate
1316 695 1367 765 vel

240 836 258 872 ιι
274 808 402 902 optima
425 809 567 904 qeroeque
584 822 839 895 consenescunt,
867 805 918 874 vel
943 805 1087 901 quadam
1103 805 1217 876 illuvie
1233 810 1368 903 situque

240 953 257 989 ι
276 923 510 1013 obsolescunt;
533 937 571 993 ut
590 937 768 1019 propterea
783 946 850 990 oon
871 945 977 1015 pauca
990 922 1031 990 'in
1050 920 1243 1015 hujusmodi
1264 922 1368 996 libros

239 1069 256 1106 ι
274 1041 482 1136 irrepserint,
501 1064 575 1134 qne
589 1038 819 1133 recognitione
840 1051 874 1105 et
891 1035 1002 1104 forsan
1024 1035 1263 1108 emendatione
1281 1065 1366 1134 opus

239 1155 434 1244 «habeant,
457 1155 548 1249 quod
568 1169 678 1223 tamen
698 1150 839 1247 longum
864 1151 962 1221 nimis
981 1165 1067 1222 esset
1083 1165 1185 1246 atque
1205 1152 1364 1224 difficile:

239 1301 255 1336 ιι
276 1271 403 1340 idcirco
422 1270 487 1357 bis,
508 1267 648 1362 aliisque
666 1267 841 1354 decausis,
861 1265 958 1336 nobis
977 1265 1083 1336 visum
1101 1281 1152 1336 est
1173 1292 1292 1350 rtatim,
1315 1269 1365 1337 id·

238 1411 341 1480 «que
369 1382 549 1480 perfacile,
581 1384 633 1452 his
659 1396 710 1450 tot
743 1379 963 1449 incommodis
994 1379 1180 1450 remedium
1212 1380 1363 1451 adbiberi

238 1531 254 1568 ι
275 1525 382 1599 posse,
407 1501 434 1568 si
454 1497 561 1596 (quod
582 1497 651 1591 jam
671 1495 826 1591 facimus)
843 1495 1011 1564 breviario
1033 1495 1212 1566 cardinalis
1234 1523 1252 1566 a
1276 1500 1364 1588 Qui·

235 1647 251 1682 ιι
271 1617 413 1712 gnonio,
433 1614 526 1708 quod
549 1614 652 1682 trium
676 1611 859 1682 lectionum
881 1626 1014 1696 voeaut,
1038 1613 1233 1706 caeterisquc
1252 1617 1363 1684 omni·

236 1733 335 1800 ebus
360 1729 561 1822 suppressis,
591 1727 863 1814 decerneremus,
888 1725 987 1796 sicuti
1008 1741 1123 1796 tenore
1149 1729 1362 1820 praesentium

235 1875 250 1909 ι
268 1845 491 1932 decernimus,
514 1858 551 1912 ut
573 1844 606 1911 in
627 1858 797 1938 posterum
816 1842 991 1928 breviaria,
1009 1839 1153 1912 missalia
1169 1858 1202 1913 et
1220 1869 1362 1914 nrunua·

236 1994 253 2030 ι
272 1963 315 2032 lia
328 1989 367 2030 ex
388 1961 523 2046 decreto
542 1961 675 2032 concilii
689 1961 881 2031 Tridentini
903 1960 946 2029 ad
968 1985 1065 2030 nsum
1083 1964 1239 2030 lloruanee
1250 1961 1362 2032 Eccle-

236 2109 252 2142 ιι
271 2079 326 2148 sire
344 2079 497 2148 restituta
516 2093 617 2172 atque
641 2078 844 2164 instaurata,
870 2091 905 2146 et
922 2077 972 2145 Pii
991 2080 1024 2146 V
1041 2075 1212 2146 Pontificio
1227 2079 1360 2148 irrarimi

235 2196 363 2289 «jussu
394 2191 498 2279 edita,
530 2193 572 2260 ab
594 2191 633 2261 iis
653 2194 810 2262 omnibus
830 2193 889 2286 qui
909 2191 943 2259 in
966 2191 1030 2260 bac
1053 2190 1227 2286 prouincia
1252 2218 1360 2264 sacra·

234 2316 459 2378 autentorum
485 2305 765 2375 administrationi
793 2305 988 2376 incumbere
1008 2321 1041 2375 et
1064 2305 1176 2375 divino
1201 2307 1306 2378 cultui
1324 2335 1360 2379 ac
1390 2327 1394 2336 '

234 2451 250 2487 ι
271 2421 438 2516 precibus,
455 2420 699 2514 missarumque
727 2420 946 2492 celebrationi
971 2447 1011 2492 ex
1035 2422 1149 2494 officio
1168 2449 1288 2494 vacare
1306 2427 1360 2496 de·

234 2538 369 2621 abent,¹
392 2533 433 2603 ad
451 2558 621 2603 suunuum
646 2550 726 2604 ante
757 2536 949 2606 Adventum
979 2539 1122 2632 proximi
1148 2541 1228 2609 anni
1254 2540 1357 2626 1583,

236 2684 252 2718 ι
274 2668 341 2721 tam
364 2650 520 2746 privatim
538 2675 640 2744 quam
666 2650 811 2744 publice,
830 2655 1057 2748 recipiantur:
1075 2679 1180 2750 eaque
1201 2655 1273 2724 sola
1289 2658 1360 2729 nbi·

235 2797 251 2834 ιι
270 2792 337 2861 que
352 2781 384 2834 et
407 2764 497 2858 apud
511 2789 627 2832 omnes
642 2765 675 2832 in
694 2789 757 2834 usu
774 2767 853 2836 sint.
874 2770 1045 2856 Quocirca
1071 2768 1180 2840 elerici
1202 2785 1235 2840 et
1255 2771 1358 2841 eecle-

235 2913 251 2947 ιι
268 2882 389 2952 siastici
411 2881 567 2948 noverint
583 2903 618 2948 se
639 2878 712 2949 solo
731 2880 969 2977 praedictorum
992 2884 1146 2956 codicum
1170 2910 1233 2956 usu
1256 2903 1291 2956 et
1311 2915 1359 2957 re·

236 3025 253 3061 ιι
271 2995 429 3065 citatione
445 2994 643 3089 obligationi
656 3020 724 3063 suae
742 3020 781 3064 ac
801 2999 932 3066 muneri
951 3001 1278 3089 essesatisfacturos3
1298 3029 1356 3073 nee

234 3141 250 3176 ι
271 3109 334 3178 alia
353 3109 483 3180 ratione
510 3135 623 3204 poenas
647 3137 667 3182 a
692 3113 794 3181 saeris
812 3116 1000 3186 canonibus¹
1018 3118 1052 3185 in
1074 3141 1131 3186 eos
1152 3119 1212 3213 qui
1231 3119 1357 3190 debitas

232 3257 248 3292 ιι
266 3229 341 3294 Deo
358 3225 472 3294 laudes
488 3224 706 3319 officiumque
720 3253 788 3296 non
802 3227 950 3301 dixerint
968 3235 1181 3320 constitutas,
1209 3234 1356 3331 effugere

234 3371 250 3406 ι
270 3338 375 3437 posse:
399 3339 558 3412 Praesenti
579 3357 694 3410 tamen
713 3343 848 3412 decreto
864 3347 1035 3442 regulares
1049 3373 1117 3418 nou
1133 3349 1239 3442 magis
1252 3365 1354 3426 arota-

234 3485 250 3520 ιι
269 3479 354 3543 mus,
369 3481 484 3550 -quam
512 3456 658 3550 ejusdem
674 3459 725 3527 Pii
750 3461 781 3528 V
799 3461 1040 3532 constitutione
1058 3461 1265 3557 obligantur.
1289 3469 1354 3542 Nos

233 3571 396 3639 «interea
423 3586 458 3640 et
481 3570 605 3665 singuli
635 3574 824 3668 coepiscopi
855 3577 992 3670 propria
1021 3577 1184 3672 cujusque
1209 3577 1354 3649 dioecesis

233 3715 249 3752 ιι
268 3699 460 3755 sauctorum
480 3685 589 3780 officia
609 3686 813 3784 ‹lirulganda
833 3693 1023 3785 separatim,
1036 3708 1082 3781 et,
1095 3695 1123 3762 si
1138 3719 1222 3789 opus
1244 3695 1352 3782 fuerit,

233 3831 249 3866 ιι
267 3799 473 3869 emendanda
487 3801 691 3873 curabimus.
704 3835 719 3869 n
729 3805 890 3895 (Decreto
907 3810 942 3892 d.
956 3847 1004 3864 -
1015 3809 1167 3880 Concilio
1179 3811 1350 3897 Harduini,

231 3945 248 3980 a
270 3930 352 3983 tom.
375 3919 419 4003 X,
435 3941 511 4012 pag.
538 3915 656 4015 1338.)

281 4027 474 4100 Concilium
502 4032 709 4106 Biturieense
735 4038 816 4107 anni
855 4035 947 4124 1584
975 4064 983 4108 :
1009 4069 1026 4104 e
1052 4041 1085 4110 Si
1113 4067 1188 4135 qtrae
1211 4042 1350 4114 ecelesia

233 4175 249 4213 ιι
268 4145 429 4216 hacteuus
446 4169 514 4214 usae
530 4164 607 4218 sunt
626 4153 729 4221 'veteri
745 4153 860 4222 officio
873 4159 1039 4243 Romano,
1064 4183 1173 4252 nuper
1193 4159 1349 4228 reforma·

231 4292 249 4327 ιι
269 4275 341 4331 tunt
361 4283 401 4330 ex
419 4261 554 4350 concilii
580 4265 770 4337 Tridentini
794 4268 932 4340 decreto
959 4273 1107 4366 recipere
1138 4291 1348 4369 cogantur.»

230 4374 375 4476 (Titulus
390 4379 528 4468 l,eanon
543 4405 578 4478 9.
600 4421 639 4436 -
658 4383 760 4479 Apud
785 4385 915 4476 Labbe‚
933 4401 1015 4458 torn.
1034 4390 1112 4479 XV,
1130 4413 1211 4488 pag.
1237 4390 1348 4488 ¹⁰7¹l
