3004 5070
220 335 292 408 260
607 393 609 400 ,
672 357 878 404 rnrcrrrus

236 541 239 550 ,
273 493 395 559 Utrrnn
422 486 521 558 licita
538 485 659 581 fuerit
677 489 782 558 anm's
807 485 898 582 17l8
922 487 1346 583 et1749innooouobrn-

220 604 325 674 orarii
334 601 562 699 missalisqne
579 603 893 672 cenomanensium
909 626 934 670 a
946 606 1014 671 ritu
1029 605 1189 672 Romano
1198 629 1347 700 prorsus

216 719 429 802 alienorum,
444 721 573 788 amotis
589 723 693 812 prius
710 715 890 788 veteribus
905 713 1127 809 adsormam
1144 724 1345 790 Romanam

215 834 378 906 correctis
395 831 565 904 breviario
592 847 627 902 et
657 831 810 919 missali,
835 831 915 902 sola
945 833 1115 928 Episcopi
1136 847 1179 902 et.
1197 835 1348 930 capitali
1359 862 1360 866 ¹

216 948 373 1020 ‹arelesiae
407 948 682 1020 Cenomanensis
710 951 932 1031 alectoritote,
971 961 1006 1016 et
1036 947 1234 1018 inconsultu
1261 947 1347 1019 sede

217 1060 437 1157 Apmstolica,
457 1059 565 1156 sacta
593 1076 657 1130 ant
670 1059 854 1156 probata?
877 1063 919 1130 Et
940 1085 1140 1154 responsum
1161 1077 1213 1132 est
1234 1089 1344 1162 nega-

215 1181 292 1248 u'ae.
318 1177 418 1248 Unde
442 1177 644 1248 concludere
667 1176 745 1249 lieet
775 1176 942 1271 quaslibet
965 1175 1122 1248 eeclesias
1145 1179 1179 1248 in
1206 1179 1344 1250 decreto

216 1295 322 1363 Piano
335 1293 380 1362 ob
395 1292 617 1364 ducentorum
639 1317 809 1364 annorum
826 1293 1072 1388 possessionem
1091 1307 1260 1388 exceptas,
1279 1319 1344 1389 po-

216 1411 317 1480 tuisse
326 1408 462 1502 quidem
474 1435 568 1478 suam
579 1409 751 1505 propriam
763 1406 934 1501 liturgiam
949 1432 1095 1494 servare,
1108 1409 1246 1478 mininie
1261 1435 1343 1480 vero

212 1527 246 1594 in
264 1523 502 1598 aliantnovam
524 1521 791 1596 substantialiter
807 1522 970 1592 diversam
991 1522 1184 1592 immutare.

261 1638 452 1732 Propositio
479 1644 526 1707 2².
553 1635 810 1706 Praedictarum
844 1634 1073 1706 ecelesiarum
1095 1636 1245 1707 Prmlnti
1269 1662 1344 1706 non

202 1767 360 1850 possunt
396 1752 508 1822 sillum
541 1749 740 1845 efficiatum
776 1749 992 1822 additionem
1025 1753 1101 1822 suis
1125 1750 1344 1823 calendariis

207 1871 357 1965 propria
376 1869 583 1940 concinnitate
603 1865 736 1960 fucere.
758 1908 808 1924 --
825 1866 1044 1937 Adducemus
1060 1869 1170 1962 primo
1187 1884 1343 1939 auctores

212 1987 271 2079 qni
293 1985 501 2056 contrarium
521 1997 705 2054 tenuerunt
726 2008 735 2051 τ
760 1998 832 2052 tum
850 1982 1067 2052 ostendemus
1080 2007 1137 2054 eos
1159 2007 1285 2054 errasse
1300 2010 1341 2053 ex

213 2099 356 2194 eoquod
375 2125 443 2170 non
464 2100 623 2170 noverint
637 2098 838 2168 decisionem
856 2100 893 2168 S.
909 2098 1188 2192 Congregationis
1211 2099 1341 2170 rituum

211 2216 277 2286 diei
304 2217 349 2286 28
372 2216 520 2286 octobris
548 2214 650 2303 1628,
679 2239 753 2308 quae
771 2239 841 2284 reni
863 2216 1002 2284 omnino
1029 2229 1156 2284 certam
1177 2215 1267 2285 lacit.
1284 2215 1343 2284 Sic

211 2331 312 2402 habet
334 2331 610 2425 Cavatieriaom.
632 2333 680 2415 ll,
703 2355 781 2424 pag.
814 2329 893 2422 175,
918 2330 999 2399 odit.
1022 2329 1343 2427 Venetiana1758,

211 2486 259 2522 -,-
279 2471 352 2538 cap.
373 2451 433 2531 lt,
448 2446 621 2518 decretum
645 2443 701 2540 n):
724 2473 741 2510 a
769 2444 1035 2539 eoepiscopus,
1056 2470 1201 2540 quorum
1230 2447 1341 2518 eecle-

215 2593 231 2624 «
251 2564 307 2630 siae
335 2563 475 2655 proprio
504 2561 651 2656 gandent
672 2561 857 2648 breviario,
879 2586 1069 2631 sermonem
1092 2563 1342 2651 convertimus;

214 2702 337 2770 «quos
354 2681 506 2746 Mrratus
522 2679 620 2771 (sect.
641 2703 675 2763 2,
701 2703 731 2746 c.
755 2703 791 2764 a,
812 2703 847 2746 n.
872 2677 910 2772 4)
931 2677 1100 2773 obligatos
1122 2694 1250 2766 censet,
1269 2705 1340 2749 non

213 2823 229 2856 a
252 2791 390 2886 quidem
415 2817 455 2862 ex
480 2793 509 2860 ri
528 2790 629 2860 bullae
650 2791 773 2878 Pianae,
796 2792 855 2860 sed
869 2818 912 2862 ex
926 2789 1001 2862 aliis
1020 2791 1179 2863 Ecclesiae
1198 2795 1341 2863 canoni·

213 2940 230 2974 a
249 2911 321 2990 bus,
348 2907 477 2978 nullam
512 2907 703 2976 officiorum
735 2906 944 2977 additionem
971 2909 1118 3002 propriis
1137 2907 1338 2980 calendariis

211 3053 229 3087 «
251 3025 546 3118 lacere3Guyotus
562 3047 641 3090 vero
660 3020 735 3117 (lib.
759 3020 795 3109 3,
817 3048 893 3117 cap.
916 3046 948 3092 1.
973 3049 1004 3115 q.
1031 3023 1067 3115 8)
1091 3023 1162 3091 vult
1181 3024 1264 3094 nihil
1281 3027 1339 3094 iis-

211 3171 229 3204 α
251 3140 326 3210 «lunt
344 3140 385 3210 de
407 3164 467 3208 suo
485 3139 628 3230 arttiquo
650 3138 728 3230 jure
748 3135 852 3208 fuisse
878 3136 1080 3210 detractum.
1108 3141 1188 3211 Non
1215 3165 1297 3210 sane
1317 3168 1338 3212 a

210 3286 228 3320 a
251 3255 343 3326 bulla
356 3257 460 3324 Piann
474 3277 550 3347 quae
565 3253 614 3322 nti
636 3237 774 3322 'eosdem
797 3279 866 3322 non
887 3253 1069 3349 adstringit
1087 3255 1272 3349 Episcopus
1293 3256 1337 3325 ad

210 3371 492 3466 «susceptionem
519 3370 678 3439 breviarii
707 3370 863 3453 Rotnani,
889 3370 983 3464 quod
1006 3385 1057 3440 est
1076 3371 1275 3466 principale,
1290 3373 1337 3442 ita

209 3517 227 3551 a
247 3512 308 3556 uec
325 3486 367 3556 nd
389 3485 571 3556 accessoria
585 3510 595 3571 ;
610 3484 788 3554 indubium
812 3486 902 3555 enim
918 3501 979 3573 est,
999 3486 1092 3580 quod
1117 3486 1198 3556 dum
1222 3503 1337 3559 muta·

211 3632 228 3664 a
248 3603 388 3687 tionem,
403 3599 609 3672 additionem
627 3614 661 3668 et
675 3599 917 3682 detractionem
933 3600 1121 3695 quamlibet
1135 3602 1278 3688 inhibet,
1295 3603 1337 3672 de

213 3747 229 3780 a
247 3743 284 3786 en
299 3740 409 3794 serum
430 3728 481 3782 est
501 3739 576 3807 quae
598 3714 695 3786 lieret
714 3713 883 3784 breviario
906 3720 1073 3788 Romano.
1099 3719 1217 3788 Nona
1242 3717 1335 3788 bulla

216 3861 233 3896 a
251 3831 434 3906 Clementis
450 3833 545 3917 vltt,
561 3853 637 3924 quae
656 3855 724 3900 rron
749 3830 812 3900 nisi
840 3846 891 3900 est
915 3832 1153 3902 reformatoria
1175 3832 1335 3902 breviarii

210 3946 391 4020 «Romani
419 3959 452 4012 et
477 3943 728 4016 confirmatoria
754 3943 855 4014 bullae
880 3946 1002 4016 Pianae.
1027 3947 1106 4016 Non
1134 3973 1154 4016 a
1179 3949 1333 4041 praesenti

211 4059 228 4126 i
248 4060 384 4130 decreto
397 4059 463 4152 (r),
481 4060 588 4154 quod,
602 4059 681 4132 lieet
700 4059 894 4132 officiorum
909 4063 1146 4132 extensionem
1157 4063 1336 4158 Episcopis

246 4327 283 4399 (1)
296 4325 422 4398 Loquitur
432 4325 468 4380 ibi
482 4323 671 4380 (lavaliernsde
681 4323 785 4380 (leonto
796 4325 825 4380 S.
839 4325 1053 4400 congregationis
1067 4328 1165 4384 rituum
1178 4326 1231 4384 liei
1245 4329 1281 4386 16
1294 4330 1335 4404 jn·

204 4418 288 4472 nnarii
300 4417 381 4484 1607,
394 4415 464 4490 apud
475 4415 630 4482 Gardellini,
648 4415 694 4470 snb
704 4434 812 4472 numero
822 4416 884 4476 191.
