2982 5072
238 377 304 424 rra
584 359 586 364 ’
695 367 902 418 rnncraros

234 498 324 570 illam
344 493 562 566 deserendam
583 491 741 588 cogendi.
760 497 839 588 lpse
853 491 945 564 enim
963 490 1085 564 litteris
1104 492 1174 564 suis
1191 493 1302 564 varias
1319 495 1364 566 ad

235 639 305 686 rem
332 611 423 682 illam
445 608 656 682 tractandam
682 606 831 703 synodos
856 609 948 678 coire
971 622 1159 704 procurat,
1177 623 1217 678 ut
1241 610 1366 703 probat

233 736 401 803 Constant
419 727 549 823 (Epist.
573 728 720 795 Roman.
745 722 969 811 Pontificum,
985 748 1064 819 pag.
1088 707 1193 820 91'et
1210 724 1307 821 seq.)
1328 743 1366 798 et

233 845 389 916 Zacoaria
410 839 592 939 (Bibliotlr.
610 838 761 929 ritualis,
783 853 867 911 tom.
885 843 927 929 I,
944 838 1079 910 dissert
1099 864 1133 928 1,
1152 864 1229 934 pag
1247 865 1308 912 xxi
1328 857 1365 912 et

233 961 351 1057 seq.).·
373 960 443 1054 ipse
458 955 666 1028 consilium
657 955 721 1024 mit
735 953 892 1026 ecclesias
917 953 1006 1024 Asiae
1023 979 1141 1026 omnes
1165 980 1364 1030 excommu-

232 1075 388 1160 nicandi,
406 1071 554 1166 eoquod
569 1069 743 1200 praefatam
761 1071 892 1166 praxim
912 1053 1065 1142 deserere
1078 1087 1246 1144 recusent.
1260 1073 1365 1144 Multi

232 1190 368 1285 quidem
394 1203 590 1258 caeterarum
620 1187 798 1280 regionum
820 1183 978 1256 catholici
1003 1187 1167 1285 Episcopi
1187 1188 1364 1258 Victorem

231 1306 273 1375 de
288 1305 394 1374 nimia
412 1320 448 1374 et
467 1302 579 1373 minua
599 1315 791 1396 opportuna
808 1301 987 1372 severitate
1000 1315 1167 1396 carpunt;
1185 1317 1221 1372 at
1248 1301 1363 1374 nullus

230 1422 261 1492 ei
287 1420 369 1490 dicit
390 1444 398 1486 :
418 1421 484 1487 Jus
512 1415 612 1514 quod
630 1415 695 1487 u'br'
718 1414 905 1504 attribuis,
929 1439 1002 1486 uon
1023 1414 1133 1486 babes
1154 1443 1166 1487 .·
1186 1416 1302 1488 nullus
1330 1422 1363 1488 ei

231 1536 378 1630 objecit,
398 1533 440 1602 ad
460 1534 571 1627 ipsum
592 1555 660 1600 non
688 1531 859 1624 pertinere
877 1530 919 1600 de
938 1553 977 1600 re
1003 1529 1160 1625 liturgica
1181 1532 1363 1631 decernere

230 1653 267 1721 in
287 1666 355 1722 tam
371 1649 509 1720 remotis
522 1663 557 1718 et
574 1660 668 1716 extra
686 1645 953 1739 patriarchatum
977 1668 1155 1718 romanum
1172 1647 1290 1742 positis
1309 1673 1360 1718 ec·

231 1766 348 1838 clesiis.
368 1769 412 1834 Et
430 1778 542 1834 tamen
558 1761 592 1832 id
607 1775 686 1832 ante
703 1763 817 1830 omnia
833 1760 952 1856 procul
969 1759 1075 1832 dubio
1093 1777 1212 1833 sancto
1230 1764 1362 1836 Victori

231 1881 480 1976 opposuissent,
493 1879 520 1946 si
537 1877 617 1972 ipsis
631 1902 829 1972 persuasum
843 1902 913 1948 nou
927 1877 1059 1965 fuisset,
1073 1903 1175 1974 penes
1188 1885 1362 1950 Romanos

230 1996 412 2068 Pontifices
433 2017 549 2064 revera
576 2017 647 2062 esse
664 2017 854 2088 supremam
875 2003 1075 2089 potestatem
1094 1994 1136 2064 de
1152 2021 1188 2064 re
1210 1993 1361 2089 discipli-

228 2114 326 2204 nari,
343 2136 382 2182 ac
397 2109 541 2206 proinde
555 2110 656 2179 etiam
675 2107 852 2203 liturgica,
871 2108 1099 2199 decernendi,
1120 2111 1156 2180 in
1178 2110 1361 2182 universali

228 2227 390 2300 Ecclesia.
419 2225 608 2297 Resistebat
637 2224 773 2318 quidem
802 2222 995 2318 Polycrates
1020 2249 1098 2296 oum
1119 2227 1249 2296 cereris
1274 2227 1360 2298 Asiae
1432 2251 1436 2258 ·

228 2344 446 2440 presulibus3
465 2355 500 2413 at
516 2339 661 2410 dicendo
682 2339 810 2412 melius
830 2364 907 2410 esso
922 2339 1061 2412 oberd're
1078 2347 1155 2412 Deo
1172 2367 1281 2439 quom
1298 2342 1362 2414 teo·

228 2458 394 2530 minibus.
412 2459 498 2545 Quae
512 2457 679 2526 sententia
700 2456 780 2524 satis
799 2455 948 2526 ostendit
968 2454 1088 2530 falsam
1108 2459 1141 2528 in
1162 2481 1232 2554 qua
1248 2483 1360 2530 rersa·

228 2575 355 2648 bantur
374 2571 647 2669 persuasionem,
675 2572 943 2664 peccaminosam
972 2595 1094 2667 nempe
1120 2573 1194 2644 lore
1214 2575 1360 2646 asiatica

227 2687 580 2785 praxeos-injunctam
607 2687 845 2757 mutationem.
870 2691 915 2757 Et
938 2712 1056 2758 revera
1082 2692 1240 2760 Romano
1263 2693 1360 2760 Pon-

228 2805 313 2876 tifici
340 2819 515 2900 peccatum
548 2802 779 2897 praescribenti
812 2800 952 2872 obedire
980 2801 1095 2874 nullus
1126 2819 1263 2876 tenetur
1295 2831 1358 2876 uec

228 2920 338 2992 debet.
362 2924 449 2992 Cum
474 2943 556 3014 ergo
573 2918 637 2988 hac
655 2917 725 2988 sola
748 2917 792 2988 de
807 2941 907 2988 causa
922 2919 1109 2988 restiterint
1128 2920 1256 2990 asiatici
1274 2923 1359 3015 Epi-

227 3039 334 3132 scopi,
354 3061 394 3106 eo
409 3036 483 3130 ipso
500 3035 579 3104 satis
597 3049 711 3129 aperte
729 3049 942 3130 agnoverunt
958 3032 1199 3129 obligationem
1216 3035 1357 3130 parendi

226 3154 389 3226 Romanis
421 3151 648 3222 Pontificibus
677 3150 720 3220 de
745 3150 925 3246 disciplina
951 3149 1235 3241 decernentibus,
1255 3153 1357 3222 modo

227 3265 354 3361 aliquid
374 3265 647 3362 peccarninosum
673 3289 743 3334 nou
764 3265 960 3360 injungant.
978 3267 1092 3356 Quam
1115 3266 1180 3336 nisi
1201 3268 1357 3362 agnovis-

226 3397 319 3472 sent,
335 3405 405 3451 non
425 3395 557 3450 tantum
575 3377 737 3449 dixissent
749 3392 866 3449 sancto
884 3380 1017 3448 Victori
1040 3405 1049 3450 ε
1071 3405 1142 3451 non
1156 3381 1356 3472 obedimus,

225 3499 304 3593 quia
320 3522 372 3568 res
385 3496 536 3589 injuncta
556 3493 788 3589 peccaminosa
807 3509 886 3585 ost,
907 3495 966 3566 sed
984 3494 1210 3568 addidissent:
1223 3499 1356 3570 etiamsi

226 3612 459 3706 peccaminosa
472 3635 543 3680 non
559 3603 668 3695 esset,
684 3608 727 3678 ad
742 3622 775 3676 te
794 3633 863 3678 non
881 3611 1025 3704 pertinet
1040 3610 1212 3706 liturgiam
1229 3613 1264 3682 in
1288 3639 1355 3686 no·

225 3726 303 3796 stris
321 3722 468 3794 ecclesiis
484 3723 720 3817 praescribere,
733 3736 867 3796 mutare
888 3740 947 3796 aut
967 3728 1143 3823 corrigere.
1166 3731 1220 3800 De
1235 3732 1354 3826 paucis

224 3863 306 3934 ergo
326 3838 555 3908 monumentis
573 3861 650 3931 quae
668 3838 758 3908 circa
772 3838 861 3912 hanc
876 3843 1141 3913 controversiam
1159 3862 1353 3939 supersunt,

224 3954 438 4022 meritorum
452 3951 690 4022 Zaecariadici
708 3968 847 4048 potest:
863 3961 995 4028 Annon
1007 3957 1132 4031 istlraec
1147 3977 1351 4056 supremam

225 4066 468 4166 legumlatorir
501 4071 750 4142 auctoritatem
775 4070 966 4166 produnt?
992 4072 1176 4170 (Bibliotlt.
1202 4076 1257 4148 rit.
1286 4076 1353 4147 dis·

224 4198 460 4279 sert.1,.pag
480 4181 560 4279 30).
1268 4207 1270 4217 ·

275 4296 507 4402 amfractum.
536 4304 710 4374 -Anno
734 4301 825 4395 385,
848 4320 983 4378 sanctus
1009 4307 1147 4380 Sirioius
1170 4313 1323 4407 Papa,
1315 4337 1350 4382 m

225 4415 405 4518 primasca
419 4415 462 4486 ad
477 4416 652 4490 Himeram
666 4422 953 4500 Tarraconensem
969 4422 1174 4521 Episcopum
1190 4425 1348 4522 epistola,
