3018 5070
495 402 543 446 ur.
566 399 655 447 June
680 397 884 449 tironense.
1205 380 1254 467 [13

129 527 282 599 docenda
300 526 455 596 doctrina
471 525 550 596 lidei
571 523 802 616 infallibilem
822 551 862 597 ex
878 551 948 624 qua
964 529 1104 622 insuper
1115 529 1252 598 conclu-

127 643 276 714 dendum
301 657 385 712 esset
399 667 527 711 errasse
541 642 768 711 communiter
781 647 896 713 Patres
913 659 946 713 et
961 644 1136 731 doctores;
1151 659 1253 738 atque

125 761 267 853 insuper
293 759 472 854 ipsammet
501 757 734 826 Tridentinam
758 758 923 852 synodum
947 782 954 825 :
980 781 1085 853 porro
1108 758 1182 827 talis
1203 771 1254 828 est

126 898 163 943 ea
179 873 223 941 de
236 893 307 967 qua
325 871 459 966 agimus
475 872 640 965 opinatio.

172 991 261 1055 Nam
292 987 408 1080 praxis
438 984 607 1080 generalis
634 984 789 1054 Ecclesiae
820 1009 898 1080 quae
927 985 1073 1078 aliquem
1102 1009 1253 1055 errorem

126 1099 215 1170 clare
232 1114 441 1195 supponeret
459 1115 519 1168 aut
535 1100 758 1191 exprimeret,
775 1099 842 1168 huc
858 1101 931 1193 ipso
949 1114 982 1167 et
1001 1125 1040 1168 ex
1058 1125 1116 1168 sua
1133 1115 1254 1168 natura

125 1214 239 1284 lideles
264 1215 440 1284 universos
465 1213 509 1281 ad
533 1214 627 1295 hunc
650 1237 801 1282 errorem
825 1213 1097 1307 amplectendum
1126 1214 1253 1309 impel-

126 1329 225 1418 leret;
251 1353 356 1424 porro
384 1328 554 1397 institutio
576 1352 651 1422 quae
670 1351 819 1397 errorem
843 1329 982 1416 suadet,
1004 1329 1133 1422 spargit
1151 1344 1253 1422 atque

126 1445 278 1514 infundit
296 1469 367 1512 uon
391 1457 506 1512 sancta
526 1457 595 1531 est,
615 1443 672 1512 sed
689 1467 812 1539 prava,
837 1467 919 1538 ergo
937 1444 963 1512 si
979 1442 1125 1512 Ecclesia
1143 1425 1254 1537 posset

126 1561 305 1628 instituere
324 1573 357 1626 et
379 1559 524 1653 probare
547 1556 720 1650 liturgiam
737 1581 869 1626 errores
891 1557 1158 1651 exprimentem,
1181 1558 1252 1648 jam

127 1699 145 1743 a
172 1675 352 1742 sanctitate
377 1671 546 1741 deficeret.
578 1671 745 1740 Deficeret
768 1673 868 1741 etiam
895 1673 937 1740 ab
961 1669 1198 1739 infallibilitate
1217 1673 1253 1740 iu

128 1787 279 1857 docenda
302 1801 336 1855 et
355 1785 546 1880 profitenda
559 1783 713 1853 doctrina
729 1785 818 1855 fidei.
836 1789 925 1857 Nam
944 1811 984 1854 ex
1003 1785 1179 1879 hypothesi
1193 1807 1254 1878 per

128 1925 221 1970 suam
245 1899 472 1969 universalem
491 1899 621 1993 praxim
638 1899 824 1968 affirmaret
839 1914 939 1993 atque
952 1899 1175 1995 profiteretur
1195 1900 1254 1969 do·

128 2018 272 2086 utrinam
290 2039 365 2108 quae
383 2028 564 2082 certarnen
584 2027 688 2094 esset,
711 2027 745 2080 et
766 2037 842 2106 quae
861 2024 1000 2082 erronea
1023 2015 1166 2106 proinde
1184 2037 1254 2084 esse

125 2145 249 2225 posset.
274 2129 341 2199 Sed
362 2130 389 2197 si
410 2129 547 2197 evenire
564 2128 673 2221 possit
698 2142 736 2194 ut
758 2127 907 2196 Ecclesia
926 2127 1094 2196 catholica
1112 2128 1252 2216 credat,

124 2246 272 2315 affirmet
299 2259 332 2313 et
360 2242 562 2338 profiteatur
593 2264 749 2326 errores,
770 2241 840 2333 jam
867 2256 1010 2309 nonest
1036 2239 1195 2309 columna
1220 2257 1254 2309 et

125 2359 378 2428 firmamentum
400 2357 570 2444 veritatis3
589 2357 659 2448 jam
680 2369 796 2424 contra
820 2381 894 2424 eam
913 2370 1019 2450 portae
1044 2355 1142 2424 inferi
1168 2379 1254 2450 prae·

124 2473 234 2542 valere
251 2486 414 2567 possuut3
429 2485 464 2538 et
482 2471 548 2540 huc
565 2487 717 2540 remanet
730 2469 1020 2555 concludendum,
1036 2469 1108 2538 sive
1123 2491 1254 2538 errores

125 2613 209 2683 quos
228 2589 276 2656 sic
291 2585 507 2682 profiteretur
520 2601 555 2655 et
568 2586 763 2656 admitteret
774 2585 923 2654 Ecclesia
938 2599 1153 2654 versarentur
1164 2585 1253 2654 eirca

125 2702 313 2772 essentialia
320 2715 609 2771 sacramentorum
622 2716 657 2770 et
672 2701 856 2796 religionis,
866 2702 1033 2769 sivecirea
1044 2699 1252 2770 secundaria.

124 2821 217 2888 Dum
240 2819 330 2887 enim
349 2816 500 2886 Ecclesia
523 2816 732 2903 manifestat,
747 2817 906 2910 exprimit
924 2831 958 2885 et
973 2815 1152 2910 profitetur
1168 2814 1253 2910 quid

124 2933 260 3016 credat,
278 2956 390 3025 neque
406 2931 443 2999 in
463 2955 588 3025 magno
605 2955 715 3024 neque
734 2932 768 2998 in
789 2955 895 3024 parvo
915 2953 1028 2997 errare
1043 2943 1166 3021 potest.

172 3049 329 3115 Erraseet
350 3061 512 3141 praeterea
526 3049 562 3114 S.
580 3045 801 3138 Augustinus,
819 3046 876 3138 qui
889 3045 1022 3138 putarit
1035 3065 1252 3134 nequequam

124 3185 221 3255 posse
249 3159 366 3228 salsam
389 3159 456 3228 dici
486 3158 677 3228 doctrinam
706 3182 809 3251 quam
838 3157 929 3227 clare
953 3157 1114 3253 exprimit
1140 3156 1254 3250 praxis

124 3275 237 3368 aliqua
264 3272 462 3343 universalis
486 3271 657 3344 Ecclesioe.
675 3275 828 3341 Errasset
851 3276 885 3342 S.
910 3270 1113 3342 Caelestinus
1138 3271 1255 3339 instro

124 3388 249 3460 celebri
267 3389 370 3458 elfato
385 3439 394 3475 ,
412 3387 525 3486 legem
539 3385 705 3457 credendi
719 3386 927 3456 sarnatus
940 3382 1176 3480 supplicandi.
1189 3387 1255 3452 Er-

125 3518 255 3574 rassent
284 3502 487 3598 generaliter
512 3502 669 3570 doctores
700 3498 877 3586 catholici,
901 3499 958 3591 qui
979 3496 1110 3593 praxim
1136 3519 1253 3588 quarn·

124 3643 270 3713 cumque
294 3615 517 3687 universalem
535 3615 709 3701 Eectesiae,
729 3614 834 3684 modo
855 3612 946 3684 clare
970 3611 1092 3705 dogma
1111 3609 1253 3704 aliquod

123 3734 166 3803 ad
196 3732 436 3803 revelationem
461 3733 632 3826 pertinens
659 3734 846 3826 exprimat,
876 3727 1103 3798 communiter
1125 3726 1253 3796 habent

123 3864 288 3944 tanquam
306 3863 437 3917 eertum
459 3847 661 3920 deveritate
682 3846 786 3940 hujus
812 3845 980 3940 dogmatis
1000 3854 1251 3937 argumentum.

122 3966 251 4058 Opinio
271 3977 386 4032 autem
409 3986 535 4056 exque
561 3962 747 4030 necessario
771 3959 883 4028 fluunt
909 3955 1100 4032 istiusmodi
1132 3977 1249 4024 eonse-

121 4079 250 4166 etaria,
269 4101 339 4146 non
363 4091 496 4148 tautum
514 4074 596 4145 salsa
619 4089 693 4161 est,
712 4074 771 4143 sed
793 4075 895 4142 etiam
919 4071 1097 4141 temeraria
1116 4069 1253 4138 videtur

122 4189 281 4260 dioenth.

170 4305 232 4373 Est
246 4303 386 4398 iusuper
396 4325 438 4372 eo
449 4303 556 4396 magis
567 4301 777 4397 repellenda,
788 4301 883 4396 quod
894 4297 1109 4370 oecumenicae
1122 4292 1253 4388 synodo

121 4418 328 4489 Tridentinae
360 4443 430 4488 non
462 4441 583 4511 parum
604 4417 813 4488 adversetur.
842 4415 999 4486 Vidimus
1028 4413 1119 4482 enim
1149 4431 1252 4501 supra
