3018 5070
493 413 540 458 un
564 414 652 461 suan
677 413 881 462 mruuorco.
1203 387 1249 487 37

126 536 280 610 Ecclesiae
300 537 486 624 orationes;
510 563 550 608 ac
568 538 711 632 proinde
720 539 773 608 his
789 527 999 610 orationibus
1018 540 1161 634 exprimi
1171 565 1249 610 sen-

125 677 198 722 sum
220 665 255 719 'et
275 649 465 720 doctrinam
489 650 644 721 Ecclesiae
663 651 852 742 catholicae3
866 678 905 724 ac
927 653 1071 748 proinde
1092 679 1190 748 posse
1210 679 1251 725 ex

125 767 206 861 ipsis
232 765 400 834 tutissime
433 764 592 836 concludi
618 769 794 837 veritatem
821 767 982 838 doctrinae
1006 792 1109 861 quam
1135 769 1249 863 expri-

123 894 234 950 munt.
1128 887 1146 966 J

172 992 272 1063 Idem
293 995 366 1064 erui
382 1009 493 1088 potest
505 1019 547 1064 ex
563 997 715 1090 sequenti
728 997 878 1090 ejusdem
892 997 1009 1093 synodi
1025 1012 1120 1068 textu
1140 1023 1148 1066 τ
1166 1000 1251 1068 Cum

124 1124 251 1178 sancta
271 1125 396 1179 sancte
411 1107 660 1180 administrari
683 1113 876 1201 conveniat,
888 1112 1002 1209 sitque
1017 1111 1084 1182 boc
1094 1113 1259 1192 omnium,

123 1225 391 1294 sanctissimum
412 1225 641 1311 sacrificium,
671 1225 832 1296 Ecclesia
863 1225 1052 1314 catholica,
1082 1241 1122 1296 ut
1148 1223 1258 1320 digne,

125 1353 390 1434 reverenterque
402 1336 593 1433 offirretcr
603 1365 647 1410 cc
653 1342 904 1436 perciperetur,
924 1364 1065 1409 sacrum
1076 1363 1250 1409 canonem

125 1451 248 1533 multis
267 1467 350 1521 ante
368 1453 677 1542 saeculisinstituit,
695 1456 746 1524 itu
765 1452 812 1524 ab
834 1456 1199 1549 omnierrurepurum,
1214 1469 1253 1524 ut
1285 1505 1287 1510 -

124 1564 219 1636 ntttl
234 1569 272 1635 in
286 1591 327 1636 eo
345 1570 567 1638 contineatur
582 1566 678 1664 qaod
697 1594 767 1640 non
789 1572 947 1638 maxime
959 1571 1188 1642 sanctitatem
1208 1593 1253 1638 cc

15 1751 21 1762 ,
117 1681 291 1774 pietatem
316 1679 509 1777 quamdam
539 1680 705 1767 redoleat,
741 1698 944 1780 mentesque
965 1681 1193 1778 offerentium
1214 1683 1254 1750 ire

124 1799 241 1864 Deum
261 1797 397 1894 erigat:
414 1797 447 1866 is
464 1798 558 1866 euim
577 1796 726 1887 comtos,
739 1823 818 1868 cum
837 1823 883 1868 ex
900 1801 987 1894 zpst's
1004 1799 1153 1868 Domini
1168 1823 1252 1868 ver·

125 1908 190 1995 bis,
206 1924 280 1978 tum
296 1935 342 1978 ex
355 1910 597 2005 apostolorum
614 1909 876 2001 traditionibus,
891 1937 934 1982 ac
946 1927 1148 1983 structorum
1166 1937 1252 2008 quo·

124 2047 190 2120 que
215 2025 429 2114 Pomficum
444 2027 519 2120 piis
537 2025 814 2096 institutionibus
832 2025 925 2121 (sess.
947 2040 1005 2114 en,
1041 2052 1116 2120 cap.
1139 2025 1189 2122 Δ).
1213 2029 1254 2096 Si

69 2203 72 2210 .
124 2141 203 2236 quis
226 2137 360 2210 dixerit
389 2164 559 2211 canonem
586 2141 703 2210 missae
728 2165 861 2210 errores
888 2142 1077 2225 continere,
1104 2138 1253 2235 ideoque

123 2252 368 2352 abrogandum
379 2279 466 2340 esse,
484 2254 679 2324 anatliema
701 2256 761 2325 sit.
778 2253 877 2346 (Sess.
894 2279 954 2343 22,
968 2277 1045 2322 can.
1062 2251 1111 2348 6).
1125 2252 1252 2325 Sedulo

122 2369 460 2440 animadvertendum
484 2384 536 2438 est
555 2393 720 2440 canonem
752 2366 897 2463 liturgiae
914 2373 1076 2440 Romanae
1103 2368 1252 2442 maxima

123 2507 162 2554 ex
179 2498 277 2577 parte
299 2497 454 2554 constare
470 2483 623 2555 formulis
636 2507 655 2552 a
670 2485 829 2554 Romanis
838 2483 1059 2554 Pontificibus
1074 2483 1249 2554 institutis.

122 2599 209 2668 Nam
226 2612 349 2691 praeter
370 2596 515 2693 paucula
527 2599 628 2668 verba
638 2623 739 2670 sacrae
756 2602 938 2694 Scripturas
953 2600 1077 2692 quibus
1092 2613 1251 2669 constant
1354 2611 1355 2616 ’

123 2710 268 2780 formula
284 2713 547 2782 consecrationis
560 2727 594 2782 et
607 2715 718 2783 oratio
727 2719 836 2784 Peter
846 2728 1015 2801 noster,et
1029 2727 1150 2808 praeter
1165 2713 1250 2784 ritus

122 2826 288 2921 quosdam
307 2851 349 2896 ex
366 2821 549 2897 tra‘ditione
568 2827 755 2922 apostolica
777 2845 945 2925 acceptos,
970 2844 1096 2899 caeterae
1116 2827 1251 2897 duode-

122 2943 185 3012 cim
208 2926 422 3036 precationes
446 2941 584 3014 luerunt
601 2944 702 3015 variis
721 2944 930 3037 temporibus
953 2943 1117 3038 paulatim
1139 2967 1157 3011 a
1180 2945 1250 3010 Ro·

122 3054 1250 3153 manisPontificibusadditaeatquepraescriptae.Inliturgiaautem

122 3169 280 3240 orientali
307 3170 446 3240 diversae
473 3173 613 3240 omnino
638 3186 727 3242 sunt.
752 3170 982 3245 Nihilominus
1009 3171 1248 3241 Tridentioum

122 3285 306 3354 concilium
326 3288 528 3379 pronuntiat
557 3313 722 3358 canonem
749 3286 846 3356 illum
867 3287 961 3356 omni
985 3311 1100 3356 errore
1123 3310 1247 3378 purum

122 3425 167 3470 eac
188 3425 232 3470 ea
250 3402 391 3469 ratione
407 3400 499 3494 quod
518 3416 649 3470 constet
665 3416 860 3470 sanctorum
885 3399 1089 3469 Pontificum
1114 3399 1177 3491 piis
1196 3399 1248 3465 in-

121 3516 370 3606 stitutionibus,
389 3529 422 3585 et
435 3516 648 3586 anathemate
663 3507 815 3610 percellit
832 3538 910 3582 eum
927 3513 986 3606 qui
999 3510 1126 3580 diceret
1143 3536 1248 3590 can07

120 3653 198 3698 uem
208 3630 316 3700 missae
330 3655 460 3701 errores
476 3632 665 3702 continere.
687 3634 779 3726 Ergo
789 3629 952 3724 supponit
968 3642 1082 3698 sancta
1100 3626 1249 3722 synodus

121 3769 270 3844 errorem
287 3747 426 3840 reperiri
438 3771 507 3814 non
518 3771 614 3840 posse
630 3747 720 3814 iniis
737 3729 988 3840 precationibus
998 3758 1032 3814 et
1046 3744 1166 3813 ritibus
1176 3743 1250 3834 qui·

120 3860 184 3930 bus
203 3874 339 3930 constat
351 3865 513 3930 Romanae
532 3860 689 3932 Ecclesiae
700 3860 847 3956 liturgia.
865 3865 1012 3931 Notatur
1028 3871 1247 3953 argumenta·
1316 3937 1328 3960 ἱ

119 3975 222 4045 tionis
242 3991 365 4045 nostrae
380 3978 449 4048 vim
465 4002 534 4046 non
554 3979 617 4046 niti
641 3977 713 4070 ipsa
733 3977 851 4071 synodi
872 3975 1079 4062 definitione,
1099 3997 1167 4066 qua
1184 3972 1249 4041 de-

120 4088 268 4160 claratur
289 4115 400 4160 canon
421 4093 594 4162 erroribus
614 4091 786 4179 immunis,
809 4090 866 4160 sed
892 4091 1023 4160 ratione
1049 4113 1069 4158 a
1091 4088 1248 4157 Patribus

120 4203 264 4300 allegata
286 4205 328 4275 ad
351 4205 451 4276 talem
474 4205 708 4277 definitionem
729 4205 960 4276 emittendam.
981 4205 1138 4273 Utuntur
1157 4199 1249 4270 scili-

120 4334 171 4388 cet
191 4320 245 4388 his
256 4321 370 4392 'verbis
390 4322 473 4398 :cis
489 4323 584 4390 enim
595 4335 729 4391 constat
746 4335 941 4390 sanctorum
962 4316 1168 4387 Pontificum
1182 4311 1247 4405 piis

119 4434 432 4506 institutionibus.»
447 4436 553 4525 Quod
574 4435 665 4506 idem
685 4449 736 4504 est
763 4459 802 4506 ac
828 4436 856 4505 si
868 4434 1048 4503 dixissent:
1070 4427 1245 4500 nonenim
