3004 5070
229 317 302 394 280
591 399 596 408 ,
689 341 892 396 ruscrsrus
967 363 971 375 ·

230 497 247 532 α
268 470 387 562 utique
416 468 640 540 censerinon
667 486 780 564 potest
802 493 954 568 unquam
984 474 1088 546 moise
1112 475 1300 568 approbata
1329 505 1345 540 ι

226 584 269 675 (t.
286 585 334 672 lt,
354 607 386 678 p.
409 587 488 679 174,
506 584 589 654 cdit.
609 587 745 675 venes,
768 585 1007 683 1770).Casus
1025 587 1153 682 dequo
1172 589 1220 660 ibi
1237 589 1349 684 loqui-

228 712 285 766 tur
297 697 493 768 Catalierus
507 715 558 770 est
576 699 745 788 diversum
761 716 795 770 nt
808 702 900 795 quod
917 702 1018 788 dicit,
1036 703 1230 775 verificetur
1248 708 1348 776 etiem

227 812 271 881 ‹lc
288 814 534 884 consuetudine
561 815 728 888 breviaria
758 842 777 886 n
807 817 943 888 decreto
961 819 1067 891 Plano
1090 819 1272 912 reprobate
1298 844 1349 888 re·
1461 806 1462 816 ἵ

228 926 453 999 tinendi.'l'nli
471 930 724 1021 consuetudini,
742 946 779 1000 ut
791 931 1013 1018 ostendimus,
1034 930 1181 1026 legitime
1195 934 1350 1027 praesumi
1463 959 1464 966 ¹

228 1067 299 1112 uon
314 1057 425 1138 potest
440 1049 531 1140 Papa
545 1031 746 1116 consentire.
946 1120 950 1128 ,

278 1155 319 1228 5⁰
343 1157 575 1230 Confirmatur
599 1164 699 1233 thesis
717 1189 757 1232 ex
775 1163 947 1234 communi
966 1161 1144 1234 doctorum
1167 1165 1349 1234 sententia.

229 1275 310 1342 Eam
326 1276 431 1358 enim,
446 1301 514 1344 non
529 1280 655 1346 Suarez
670 1293 815 1360 tentum,
835 1277 894 1346 sed
910 1278 1042 1371 probati
1058 1277 1353 1348 eonrmuuiterdo-

227 1401 338 1456 ctores
355 1403 483 1476 tenent,
501 1407 539 1460 ut
556 1407 687 1461 constat
705 1417 747 1462 ex
766 1389 915 1462 collectis
929 1392 992 1462 sub
1012 1393 1122 1485 primo
1139 1392 1241 1486 liujtts
1257 1394 1353 1488 sspi-

222 1503 273 1586 ¹tis
287 1508 501 1600 paragrapho
519 1509 729 1578 testimoniis.

279 1623 471 1714 Propositio
488 1626 536 1710 [Γ.
553 1626 823 1720 Qul,propr1'um
833 1621 1038 1694 brevmmum
1052 1638 1088 1694 et
1100 1623 1244 1696 missale
1256 1623 1355 1696 relus·

229 1735 387 1832 quentes,
401 1735 501 1806 uliud
508 1763 618 1834 qaemm
631 1743 830 1810 Rommmm
843 1753 1048 1825 correctum,
1066 1754 1187 1810 contra
1198 1743 1235 1808 S.
1252 1742 1313 1808 Pti'
1324 1743 1360 1810 V

224 1847 519 1944 prohibitionem,
546 1852 619 1922 sibi
638 1875 874 1950 assumpsere,
900 1869 1213 1948 praecaventem!
1236 1877 1355 1925 eonmt

229 1965 283 2034 sle
295 1962 439 2036 inmota
454 1966 609 2066 liturgia,
624 1969 886 2038 mzircineevast't
894 1965 1257 2062 perconsuetudinem
1272 1967 1356 2064 legi·

230 2080 331 2148 timu.
346 2121 397 2132 —
414 2085 451 2150 ln
467 2083 667 2176 praecedenti
681 2083 913 2178 propositione
928 2081 1145 2154 discussimus
1158 2107 1272 2155 cesum
1286 2107 1355 2176 quo

229 2191 343 2287 eliqua
365 2194 504 2267 ecclesia
523 2198 679 2271 breviarii
695 2212 729 2268 et
743 2193 884 2268 missalis
901 2196 953 2266 sui
976 2195 1170 2284 formulam,
1187 2195 1266 2266 licet
1285 2219 1356 2268 noo

229 2311 328 2380 anuis
352 2335 421 2380 nou
448 2312 692 2406 antiquiorem,
716 2312 921 2382 retinuisset.
944 2311 1009 2379 Hic
1031 2335 1111 2380 vero
1133 2313 1356 2407 supponimus
1397 2316 1401 2323 '

230 2425 403 2496 ecclesiam
418 2426 623 2498 breviarium
638 2441 673 2496 et
685 2424 818 2498 missale
832 2451 932 2496 suum
950 2423 1208 2520 relinquentem.
1222 2429 1269 2498 Et
1281 2426 1357 2520 qui·

232 2541 329 2628 dem,
349 2543 377 2612 si
395 2542 522 2610 dictum
541 2543 746 2612 breviarium
764 2557 799 2612 et
821 2537 952 2612 missale
977 2566 1047 2612 non
1070 2555 1144 2613 erat
1169 2541 1357 2612 nonensis

233 2658 419 2750 antiquius,
441 2654 560 2726 debuit
578 2657 839 2752 superveniente
854 2656 961 2727 Pisno
979 2655 1118 2732 decreto
1139 2653 1224 2726 illud
1251 2655 1357 2726 retia·-

232 2796 362 2866 quere:
382 2773 410 2840 si
431 2795 512 2840 vero
529 2795 600 2842 noo
620 2772 719 2840 anuis
736 2771 922 2864 antiquius,
939 2795 1009 2840 non
1024 2769 1152 2856 debuit,
1169 2769 1228 2841 sed
1240 2772 1359 2865 potuit

233 2884 320 2956 illud
344 2883 546 2979 relinquere.
567 2886 660 2956 Atio
680 2899 827 2978 utroque
845 2911 937 2972 casu,
952 2885 984 2954 ei
1006 2909 1076 2956 non
1093 2883 1189 2956 licuit
1204 2882 1357 2956 adalind
1424 2925 1428 2934 ·

232 3021 340 3098 quam
362 3001 404 3072 ad
431 3004 621 3072 Romanum
647 3016 836 3073 correctum
862 3001 1019 3095 migrare,
1040 3000 1121 3094 quie
1140 3001 1186 3072 itu
1204 3023 1358 3095 expresse

232 3114 372 3184 sancivit
391 3119 427 3190 S.
444 3118 526 3186 Pius
539 3120 582 3189 V.
598 3117 635 3186 si
652 3140 748 3210 ergo,
765 3141 864 3186 suum
885 3114 1164 3210 derelinquendo,
1187 3114 1358 3186 diversum

231 3253 252 3304 s
270 3232 425 3298 Romano
439 3245 594 3302 correcto
607 3231 671 3300 sibi
685 3230 877 3325 assumpsit,
892 3230 927 3299 id
942 3232 1015 3302 siue
1027 3243 1168 3329 peccato
1180 3229 1286 3323 gravi,
1298 3251 1360 3324 per

234 3369 271 3414 se
285 3342 458 3438 loquendo
472 3359 506 3416 ct
522 3342 649 3416 seclusa
664 3346 754 3416 bone
771 3345 849 3432 fide,
862 3345 936 3414 fieri
951 3369 1020 3416 non
1035 3345 1160 3440 potuit.
1178 3347 1251 3416 Lex
1267 3343 1358 3418 euim

233 3461 357 3549 Piens,
384 3475 421 3530 ut
446 3485 548 3556 supra
572 3461 752 3557 probatum
777 3474 841 3547 cst,
873 3485 990 3530 ornnes
1014 3457 1211 3552 hujusmodi
1238 3456 1360 3528 latinas

233 3574 392 3650 ecclesias
408 3575 611 3672 attingebat,
622 3590 655 3645 et
667 3575 805 3670 quidem
819 3575 884 3644 sub
898 3575 992 3669 gravi
1005 3575 1050 3644 ob
1064 3573 1276 3644 manifestum
1289 3597 1360 3642 ma·

235 3690 326 3760 teriae
348 3690 562 3786 gravitatem,
582 3705 616 3759 et
632 3691 696 3762 sub
716 3713 815 3783 poena
831 3690 991 3760 horarum
1010 3689 1252 3764 canonicarum
1268 3685 1360 3756 obli-

233 3806 363 3899 gationi
388 3830 458 3874 non
485 3805 732 3894 satisfaciendi,
755 3805 825 3878 imo
850 3805 913 3872 sub
937 3804 1141 3900 gravissimis
1157 3801 1233 3872 aliis
1251 3801 1378 3903 poenis

234 3943 336 4011 supro
353 3921 524 4014 expositis.

287 4041 332 4103 At
348 4037 458 4128 posito
476 4036 569 4130 quod
586 4037 634 4108 sic
652 4034 832 4131 plusquam
851 4058 912 4130 per
932 4037 982 4120 lio
1002 4058 1110 4105 nrtnos
1125 4053 1363 4125 perseverave-

237 4151 295 4236 rit,
311 4175 354 4220 an
371 4150 477 4245 ipsius
491 4153 693 4225 breviarium
713 4169 748 4226 et
763 4152 895 4226 missale
913 4152 1003 4222 dicto
1020 4149 1121 4220 modo
1140 4147 1287 4220 indebite
1305 4145 1360 4217 in·

238 4267 394 4351 ductum,
410 4265 599 4360 legitimum
616 4271 757 4342 evasisse
771 4268 977 4343 censendum
998 4263 1089 4334 erit?
1111 4260 1276 4356 Negetive
1291 4284 1360 4330 res·

229 4381 461 4480 'pondeudum
472 4407 544 4452 esse
558 4383 704 4475 probant
718 4385 863 4456 rationes
876 4406 993 4455 omnes
1007 4381 1043 4450 in
1058 4373 1260 4478 precedenti
1276 4373 1361 4446 thesi
