2978 5076
488 359 534 404 or:
558 358 646 404 sunu
671 358 876 406 urruncrco
1175 339 1247 413 223
1326 328 1329 332 ’

119 515 135 552 ιι
152 503 253 554 aerim
277 483 365 556 eoiet
381 484 491 556 viram
507 483 672 580 deputare
691 485 734 556 ad
747 485 854 556 libros⁴
865 489 1111 582 approbandos.
1126 491 1246 580 Quare

119 631 135 664 ι
154 616 248 690 tunc,
268 599 320 670 uel
336 626 405 670 nou
419 615 500 670 sunt
514 615 657 694 receptae
671 599 762 695 leges
778 601 902 694 quibus
907 603 1047 696 jubetur
1057 629 1128 674 esse
1140 605 1246 676 libros

120 715 392 812 «approbandos
411 742 430 786 a
450 739 593 810 persona
611 713 853 806 ecciesiastica3
878 715 1013 788 acinon
1038 719 1129 789 deest
1155 723 1245 814 ejus-

120 862 135 900 ιι
154 832 247 902 modi
272 831 494 928 approbatio;
517 830 597 925 quia
618 855 663 900 ex
689 831 760 925 ipsa
782 830 975 903 introducta
1001 835 1247 906 consuetudine

118 963 311 1018 «censetur
328 947 521 1018 ordinarius
539 945 702 1042 deputare
722 970 780 1016 eos
801 947 890 1041 ipsos
909 972 997 1044 quos
1016 951 1146 1045 regium
1167 977 1249 1022 con·

119 1095 134 1128 ι
154 1061 268 1135 silium
285 1062 427 1158 deputat
448 1086 572 1156 :quam
588 1061 718 1156 praxim
732 1063 838 1130 Roma
855 1061 927 1155 ipsa
940 1065 1152 1158 comprobat,
1167 1091 1244 1138 cum

119 1208 134 1244 ιι
158 1180 280 1272 passim
304 1175 469 1272 ejusmodi
493 1175 569 1246 libri
584 1181 702 1246 Romae
722 1176 832 1272 palam
850 1177 1053 1251 vendantur.
1076 1207 1093 1250 n
1116 1180 1243 1277 (Tract.

120 1297 154 1376 8,
172 1294 213 1364 de
225 1293 317 1365 horis
330 1293 512 1380 canonicis,
529 1292 654 1386 disput.
676 1291 709 1376 3,
733 1293 876 1386 quaestio
898 1317 910 1362 1
930 1308 964 1362 et
982 1293 1060 1390 ad.)

167 1412 248 1478 xtl.
281 1409 455 1478 Doctrina
473 1405 628 1478 Gobatt':

170 1523 378 1614 «Quaeritur
395 1548 463 1616 qua
484 1521 593 1592 forma
612 1521 822 1592 recitandum
843 1523 885 1592 sit
901 1521 1050 1594 officium
1064 1523 1248 1594 divinum?

119 1669 135 1706 ιι
153 1682 204 1694 -
221 1637 422 1734 Respondeo
444 1638 488 1708 ob
510 1638 637 1708 bullam
668 1641 715 1709 Pii
742 1639 958 1734 Vpraefixam
983 1640 1151 1710 breviario
1177 1647 1245 1714 Ro-

120 1781 267 1841 «rnan0,
300 1754 602 1848 confirmatamque
625 1781 643 1824 a
664 1754 839 1826 Clemente
873 1771 907 1826 et
939 1756 1080 1828 Urbano
1104 1758 1245 1843 octavis,

117 1893 270 1940 «ornnes
300 1869 430 1938 astricti
462 1869 630 1940 breviario
659 1869 782 1940 debent
812 1871 924 1966 ipsum
959 1897 1100 1966 pensum
1127 1873 1246 1967 exequi

117 2016 134 2051 ιι
147 1986 246 2078 juxta
273 1984 454 2057 fonnulam
483 1985 639 2054 breviarii
654 1986 817 2073 Romani,
837 1987 996 2082 acceptis
1026 1987 1193 2084 capitulis
1212 2004 1250 2060 et

117 2101 391 2188 entonarterti'c,
406 2125 485 2197 quae
504 2098 706 2172 educentis
733 2101 828 2196 (ante
852 2101 945 2172 iilam
968 2102 1111 2195 bullam)
1140 2105 1247 2174 annis

116 2215 294 2306 «suerent
308 2239 371 2286 nra
395 2215 479 2286 alto.
501 2217 557 2286 Sic
577 2217 667 2286 enim
676 2217 793 2287 statuit
807 2217 863 2286 itta
888 2215 992 2288 hulla.
1010 2247 1028 2282 a
1049 2218 1247 2314 (Theologia

117 2329 512 2426 expe1·imentalie,tr·act.
535 2328 569 2418 5,
584 2355 680 2402 casus
696 2330 756 2421 23,
775 2347 858 2402 sect.
883 2358 914 2416 2,
935 2358 969 2400 n.
989 2329 1091 2429 597.)

166 2449 259 2516 xtlt.
284 2447 457 2516 Doctrina
482 2446 674 2544 Augustini
691 2445 824 2516 Mt'clrel
840 2445 1000 2542 (ecclesia
1028 2447 1247 2520 Understorf·

118 2560 219 2630 sensis
236 2560 270 2628 in
286 2562 426 2630 Bavaria
443 2561 598 2630 canonici
621 2559 796 2658 regularis)
813 2587 820 2630 :

171 2705 188 2742 ιι
208 2678 262 2745 De
287 2674 451 2770 qualitate
471 2702 529 2746 seu
551 2677 661 2746 forma
673 2678 832 2746 breviarii
850 2677 1029 2748 recitandi.
1044 2681 1185 2750 -Pius
1198 2683 1243 2768 V,

118 2793 189 2862 nio
209 2790 306 2860 bulla
332 2789 499 2860 breviario
526 2791 672 2886 praefixa,
703 2794 862 2862 omnihus
886 2793 928 2862 ad
946 2794 1047 2864 horas
1067 2797 1248 2866 canonicas

120 2936 138 2972 ιι
159 2907 329 3002 obiigatis,
347 2907 410 2978 sub
421 2922 559 3002 peccato
572 2907 707 2978 mortali
718 2908 870 3004 praecipit
884 2907 1026 2978 recitare
1041 2910 1247 2981 breviarium

119 3053 135 3088 ιι
154 3027 366 3110 Romanum,
387 3038 425 3096 ut
444 3023 542 3094 aliter
560 3023 733 3094 recitando
748 3048 816 3092 sure
828 3021 1031 3116 obligationi
1054 3049 1124 3095 non
1147 3025 1248 3096 satis-

117 3168 135 3204 «
154 3138 291 3210 faciunt.
316 3142 441 3210 Tamen
463 3139 589 3234 excipit
605 3163 645 3208 ea
666 3137 740 3208 loca
759 3163 834 3232 quae
847 3135 938 3208 ultra
956 3135 1118 3210 ducentos
1137 3163 1248 3210 anuos

119 3285 135 3321 ιι
153 3252 247 3324 aliud
261 3255 464 3340 breviarium
485 3270 711 3348 usurparunt3
739 3255 863 3347 quibus
884 3251 977 3322 dedit
996 3255 1169 3347 optionem
1193 3252 1247 3324 vei

118 3369 331 3462 «antiquum
353 3369 531 3457 recitandi,
557 3369 665 3438 velex
681 3395 847 3441 consensu
867 3369 1027 3463 Episcopi
1047 3395 1087 3438 ac
1106 3368 1247 3462 capituli

118 3513 135 3548 ιι
153 3484 197 3580 (si
223 3485 464 3554 monasterium
479 3499 669 3579 exemptum
696 3499 763 3570 est,
792 3509 832 3554 ex
854 3503 1022 3552 consensu
1049 3483 1182 3554 Praeiati
1213 3499 1248 3556 et

118 3630 135 3666 ιι
151 3598 321 3694 capituli),
337 3605 532 3678 Romanum
554 3599 751 3696 aoceptandi
774 3600 845 3669 :ita
872 3613 995 3687 tamen,
1022 3613 1061 3667 nt
1090 3603 1248 3672 Romano

119 3744 136 3778 ιι
158 3715 260 3786 semel
289 3729 476 3810 acceptato,
497 3741 566 3786 non
590 3714 689 3786 liceat
711 3713 755 3786 ad
774 3716 956 3808 antiquum
984 3713 1137 3808 regredi3
1169 3716 1250 3807 quia
1316 3727 1335 3772 ι·

119 3859 136 3896 ιι
156 3831 330 3924 tuncjam
364 3832 507 3902 cessavit
538 3833 719 3925 antiquum
755 3829 972 3911 breviarium,
1001 3844 1249 3923 consequenter

118 3977 135 4032 t
155 3962 253 4042 urget
271 3963 480 4042 preceptum
497 3948 548 4018 Pii
566 3951 646 4018 Vct
662 3944 846 4018 Clementis
867 3947 1008 4016 VHL...

171 4091 188 4126 ιι
214 4061 510 4154 Quemadmodum
533 4062 672 4132 veroin
698 4087 788 4156 saepe
807 4058 952 4156 allegata
976 4057 1068 4130 bulla
1095 4061 1249 4132 Pontifex

118 4208 135 4240 ιι
153 4177 239 4246 adeo
266 4203 379 4248 severe
406 4177 585 4274 adstringit
621 4177 808 4270 quemlibet
840 4173 884 4244 ad
911 4174 1114 4246 servandum
1145 4178 1248 4248 ritum

118 4295 312 4367 «breviarii
337 4297 494 4382 Romani,
519 4310 558 4366 ut
580 4294 693 4371 ,eidem
710 4320 779 4364 non
802 4291 901 4364 liceat
915 4291 1091 4364 detrahere
1113 4307 1173 4362 aut
1189 4293 1251 4364 ad·

117 4441 133 4476 ιι
153 4412 232 4483 dere
247 4411 374 4507 aliquid
397 4427 558 4508 tanquam
578 4427 708 4506 partum
735 4409 853 4502 officii,
875 4410 920 4480 ita
940 4423 1082 4504 peccant
1100 4408 1163 4502 qui
1190 4407 1249 4480 de-
