3004 5070
618 356 624 434 i
692 374 921 430 autmarus,

737 611 757 701 s
783 609 846 679 ιν.

299 845 345 899 lus
358 843 507 916 liturgicum
518 840 602 916 quoad
615 839 710 896 librum
721 840 766 914 qui
778 847 884 894 secutur
897 838 1071 896 ceremoniale
1083 838 1281 914 Episcoporum.

275 1083 292 1117 a
314 1052 408 1122 Licet
425 1049 543 1146 priscis
561 1047 691 1118 saeculis
710 1047 789 1117 libri
811 1047 1060 1117 caeremoniales
1076 1063 1178 1142 atque
1203 1045 1354 1144 liturgici

226 1197 243 1232 u
263 1168 298 1234 in
329 1163 476 1235 Ecclesia
496 1164 670 1234 extiterint
695 1163 738 1232 ad
767 1187 862 1232 sacra
885 1164 948 1231 rite
975 1162 1178 1258 peragenda,
1196 1162 1354 1234 Clemens
1374 1237 1382 1252 ,

225 1311 242 1346 «
266 1297 375 1351 tamen
392 1282 478 1350 VllI
499 1279 630 1373 primus
649 1278 800 1347 omniurn
818 1278 884 1346 dici
898 1291 1021 1371 potest,
1040 1277 1097 1370 qui
1117 1303 1218 1374 opera
1230 1278 1356 1350 doctis·

225 1426 242 1459 α
261 1398 426 1466 simorum
439 1396 590 1463 virorum
610 1392 1102 1488 CaecemonialeEpiscoporum
1119 1420 1181 1488 pro
1197 1395 1353 1464 universa

225 1539 241 1573 t<
261 1509 410 1580 Ecclesia
427 1510 611 1598 ordinavit,
626 1534 716 1578 auno
741 1509 845 1580 1600.
864 1513 1065 1580 Corrccturn
1088 1507 1208 1577 deiude
1226 1507 1293 1577 fuit
1310 1509 1354 1576 ab

223 1655 240 1689 <r
258 1626 459 1695 Innocentio
477 1627 569 1719 Papa
593 1627 627 1692 X
651 1652 659 1692 :
680 1626 857 1693 novissime
877 1650 896 1692 a
913 1639 1036 1693 sauctae
1053 1626 1222 1693 memoriae
1245 1628 1354 1693 Bene-

223 1770 239 1803 «
259 1739 350 1808 elicto
361 1742 458 1824 Xlll,
475 1763 647 1807 sacrorum
663 1739 789 1807 rituum
804 1737 1020 1833 peritissimo,
1036 1753 1073 1806 ut
1085 1754 1215 1808 constat
1229 1741 1352 1833 exejus

224 1883 241 1918 r
259 1853 502 1922 constitutione
519 1851 609 1920 edita
629 1877 720 1920 auno
746 1877 870 1949 1727.»
886 1851 1082 1949 (Catalanus
1105 1853 1137 1921 iu
1154 1853 1352 1948 praelatione

184 2025 185 2030 1
228 1969 462 2038 commentarii
481 1967 516 2036 in
534 1964 776 2038 Caeremoniale
791 1970 891 2039 Rom.
911 1994 945 2037 u.
964 1967 1038 2062 21.)

273 2087 352 2154 Duo
370 2082 588 2180 cxpendentla
608 2085 749 2152 veniunt
767 2084 856 2153 circa
880 2083 1080 2178 predictum
1098 2084 1353 2154 Caeremoniale

228 2201 527 2296 Epa's·c·0porum‚a
546 2197 624 2266 sede
640 2201 664 2266 A
668 2197 832 2292 postoliea
848 2197 1056 2294 publicatum
1074 2227 1083 2268 ε
1101 2199 1268 2270 1⁰Utrum
1282 2201 1352 2268 vim

222 2315 304 2411 legis
323 2312 521 2384 universalis
538 2314 681 2400 lrabeat;
699 2313 738 2385 2⁰
757 2330 870 2383 utrum
887 2314 1026 2410 deroget
1049 2315 1150 2384 etiarn
1174 2315 1353 2385 immemo-

223 2429 387 2499 rabilibus
405 2430 440 2498 iu
457 2428 669 2498 contrarium
688 2427 1004 2500 consuetudinibus.

270 2545 463 2639 Propositio
483 2551 524 2612 ι’.
545 2541 649 2612 Liber·
669 2545 924 2614 ceremonialia
941 2546 1209 2642 Episcoporum,
1227 2571 1251 2614 a
1266 2544 1352 2614 sede

220 2655 642 2754 Aposrolc'capnblicatus,
657 2657 948 2757 oblegatorr'usest
958 2658 1079 2758 quoad
1087 2657 1351 2729 omrzcslatr'nns

222 2773 467 2844 ecclesiac-
482 2772 652 2841 Probatur
676 2791 711 2841 1⁰
737 2798 778 2842 ex
803 2775 1101 2844 constitutionibus
1127 2777 1350 2846 Surnmorum

221 2887 424 2958 Pontificum
437 2887 553 2958 —Sic
573 2887 675 2957 habet
691 2887 849 2960 Clemens
860 2891 941 2961 Vlll
960 2890 993 2958 iu
1014 2889 1107 2960 bulla
1126 2895 1211 2962 Cum
1229 2895 1348 2962 noers·

220 3003 345 3072 sinae:
387 3001 556 3071 «Idcirco
584 3002 817 3072 caeremoniale
851 3007 1097 3100 Episcoporum
1135 3004 1346 3098 hujusmodi,

221 3144 239 3180 <r
254 3118 348 3209 jussu
365 3130 482 3184 nostro
495 3117 710 3187 emendatum
725 3133 760 3186 et
772 3119 990 3188 reformatum
1008 3138 1102 3190 rnotu
1111 3120 1248 3214 proprio
1262 3136 1296 3189 et
1306 3146 1349 3189 ex

222 3259 239 3294 a
259 3244 348 3298 certa
364 3231 515 3316 scicntia,
531 3257 569 3300 uc
593 3231 634 3300 de
650 3233 848 3327 Apostolicae
859 3237 1035 3330 potestatis
1048 3234 1259 3330 plenitudine
1272 3259 1349 3330 per-

220 3375 237 3407 «
256 3359 360 3440 petuo
376 3346 617 3440 approbantes,
630 3345 781 3444 illudque
794 3351 827 3418 in
850 3349 1028 3419 universali
1045 3350 1193 3420 Ecclesia
1211 3353 1253 3420 ab
1273 3376 1349 3420 orn·

221 3489 238 3524 <r
261 3459 360 3528 nibus
375 3476 410 3529 et
427 3459 569 3554 siugulis
587 3466 738 3557 personis
756 3463 799 3532 all
823 3491 905 3560 quas
931 3482 1059 3562 spectat
1076 3482 1108 3535 ct
1127 3468 1159 3537 in
1190 3468 1348 3536 futurum

221 3605 238 3640 a
256 3576 420 3670 spectabit
437 3591 600 3672 perpetuo
615 3577 860 3649 observandum
885 3607 955 3650 esse
971 3583 1182 3680 praecipimus
1201 3597 1233 3652 et
1253 3608 1350 3650 mau-

218 3719 236 3755 «
255 3691 393 3778 damus3
428 3716 467 3760 ac
494 3691 734 3762 Caeremoniale
767 3694 959 3790 hujusmodi
991 3697 1039 3767 sic
1065 3697 1280 3766 emendatum
1313 3713 1349 3766 et

219 3805 475 3875 «reformatum
511 3804 606 3874 nullo
622 3832 770 3904 uuquam
792 3823 943 3904 ternpore
965 3811 998 3878 iu
1024 3827 1097 3881 toto
1117 3811 1169 3880 vel
1196 3814 1230 3880 in
1250 3827 1348 3906 parte

219 3919 394 4007 «mutari,
418 3917 470 3990 vel
486 3922 527 4008 'ei
551 3921 680 4016 aliquid
710 3923 801 4009 addi,
833 3941 894 3994 atat
913 3928 1052 3997 omniuo
1075 3927 1205 3998 detrahi
1231 3953 1347 4023 posse3

219 4063 235 4099 a
254 4059 293 4104 ac
301 4059 530 4134 quascumque
541 4037 966 4137 personaspraeelictasquae
978 4043 1347 4120 sacerdotaliamuuera

218 4173 408 4218 «exercere
436 4166 496 4222 arat
527 4150 591 4223 alia
613 4157 884 4252 quaecumqucin
909 4159 983 4254 ipso
1006 4158 1240 4230 Caercmouinli
1263 4186 1347 4230 con·

220 4291 237 4328 u
258 4278 349 4333 teuta
367 4262 476 4334 facere
492 4282 551 4335 aut
569 4267 688 4362 exequi
706 4268 841 4359 debent,
862 4271 959 4342 adea
988 4273 1178 4370 peragenda
1198 4289 1233 4342 et:
1259 4299 1346 4369 prae·

221 4379 370 4450 «stando
381 4379 478 4475 juxta
489 4381 591 4479 hujus
610 4385 863 4458 Caeremonialis
891 4389 1037 4460 formum
1060 4407 1093 4461 et
1110 4391 1346 4488 praescriptum
