2940 5072
269 319 343 392 238
725 338 932 388 mortuus

267 467 378 562 Qua!
387 495 413 540 α
439 466 540 538 nohis
559 465 716 538 aboletur
733 467 869 560 quidem
891 467 1036 538 eliorum
1048 465 1299 536 breviariorum
1320 490 1401 534 usus

267 584 315 656 de
325 581 489 654 omm'bur
507 580 789 664 ordireuclest'is;
807 581 865 652 sed
876 581 1081 652 ndditurtiu
1094 578 1222 677 quidus
1239 577 1401 673 als'nros·

259 701 392 790 finiam
406 695 563 767 diuinum
580 701 752 768 &mane
769 701 804 766 E
805 695 941 768 eclectio
954 699 1026 768 ritu
1041 695 1115 768 rtet
1132 697 1324 783 sorduerit,
1337 711 1404 764 ant

273 812 385 884 debet.
407 815 449 882 Et
463 811 579 880 eadem
600 812 768 880 restrictio
789 812 930 882 iteratur
945 811 1034 882 infre
1047 811 1100 881 his
1116 810 1229 878 verbis
1244 814 1312 880 :In
1323 810 1403 905 qui·

272 928 338 999 bus
353 926 510 1020 officium
525 951 572 996 ee·
593 941 738 996 recreet
756 928 828 996 ritu
844 924 945 996 dicire
959 931 1127 996 Romane
1149 923 1318 996 Ecclesire
1330 923 1405 994 dici

269 1041 452 1112 debetnut
476 1040 660 1110 consuevit.
679 1039 780 1110 Unde
806 1041 993 1134 expressius
1011 1039 1123 1110 adhuc
1141 1039 1294 1108 iudicans
1314 1063 1402 1132 quos

272 1179 335 1226 suo
348 1156 485 1226 decreto
501 1153 594 1250 liget,
610 1155 656 1223 sic
672 1153 769 1224 addit
786 1155 944 1248 praefttus
954 1155 1134 1226 Pontifex:
1152 1157 1402 1251 Quoscumque

268 1274 338 1369 qui
353 1271 684 1355 dorostorensem,
698 1295 746 1338 ex
762 1294 862 1340 more
876 1285 913 1340 et
931 1273 1000 1340 ritu
1012 1270 1126 1364 rpstits
1141 1275 1313 1340 Romane
1336 1274 1403 1340 Ec·

272 1385 389 1456 ctesiae
399 1387 497 1480 jure,
514 1383 579 1454 vel
589 1382 847 1468 consuetudine,
866 1383 983 1454 dirue
1008 1383 1072 1454 vel
1078 1383 1238 1482 psallere
1255 1382 1398 1456 debent.

273 1508 360 1573 ltcru
387 1503 424 1569 iu
443 1498 537 1570 bulla
560 1503 636 1590 Quo
651 1501 810 1596 parterm
833 1515 1003 1596 tempore,
1026 1500 1106 1570 dnm
1134 1498 1279 1572 missahs
1306 1501 1400 1570 Piani

274 1615 421 1687 formula
436 1614 638 1708 obligatorin
656 1613 847 1684 declaratur
865 1617 905 1684 in
919 1615 1085 1688 omnibus
1100 1615 1294 1687 christiani
1306 1613 1402 1686 orbis

272 1731 444 1815 eudesius,
475 1729 611 1797 additur
632 1753 641 1796 ε
661 1733 707 1798 In
724 1728 855 1826 qubus
878 1733 990 1800 nzirsu
1001 1731 1113 1825 Jirxm
1141 1711 1317 1802 Ecclesie
1332 1735 1400 1800 Ro·

273 1869 391 1914 muuae
409 1845 516 1912 ritum
535 1840 709 1914 celebrare·
725 1846 902 1914 consuerit
917 1844 983 1914 vel
1001 1843 1114 1916 delet.
1131 1849 1224 1938 Ergo
1244 1844 1289 1914 dc
1313 1843 1401 1914 facto

273 1960 464 2053 appositam
483 1957 587 2026 fuisse
608 1959 858 2028 restrictionem
876 1985 977 2053 quant
1011 1962 1046 2031 iu
1067 1961 1223 2054 presenti
1247 1962 1401 2054 proposi·

205 2147 210 2153 ,
274 2075 372 2144 tione
389 2073 611 2157 affirmemus,
630 2072 714 2142 nulli
729 2073 871 2144 dubium
889 2100 959 2144 esse
973 2089 1097 2170 potest.
1112 2079 1220 2144 Porro
1239 2099 1301 2168 per
1320 2100 1402 2168 prae-

276 2187 402 2257 dictum
428 2187 678 2256 restrictionem
706 2187 840 2258 excludi
866 2189 1035 2260 udrcrcto
1054 2192 1089 2258 S.
1115 2189 1166 2260 Pii
1192 2193 1224 2258 V
1248 2187 1402 2258 ecclesias

274 2301 497 2372 orientalibus
520 2303 640 2372 ritibus
668 2302 818 2374 addictas
841 2305 983 2374 omnino
1000 2303 1158 2374 concludi
1185 2303 1288 2374 debet
1309 2330 1318 2372 ε
1341 2303 1401 2372 ille

269 2418 367 2487 enirn
388 2416 534 2488 ecclesiae
555 2442 616 2486 uec
625 2416 710 2514 Jiue
730 2443 792 2487 nec
807 2417 1056 2489 consuetudine
1078 2419 1297 2505 tenebantur,
1312 2434 1401 2488 tem-

274 2558 357 2626 pore
367 2535 400 2602 S.
411 2532 462 2600 Pii
475 2536 519 2618 V,
536 2531 693 2602 Ecclesiae
706 2536 869 2602 Romane
879 2531 1052 2628 liturgiam
1063 2532 1235 2604 adhibere.
1247 2538 1269 2603 J
1272 2559 1311 2603 ns
1321 2558 1400 2629 ergo

276 2647 471 2741 liturgicum
498 2673 559 2741 per
585 2650 689 2717 Piunn
720 2647 857 2718 decreta
886 2648 1000 2744 quoad
1034 2647 1212 2718 orientules
1244 2647 1401 2718 ecclesius

277 2761 493 2830 immutatum
516 2778 668 2830 nonest.
692 2767 747 2833 An
771 2780 885 2834 nutem
900 2765 967 2834 sub
991 2763 1082 2834 dicte
1111 2764 1326 2834 restrictione
1351 2763 1402 2832 de·

276 2875 380 2944 beant
401 2875 504 2944 etiam
534 2876 775 2970 comprehendi
805 2859 927 2972 alique
954 2879 1150 2948 Occidentis
1177 2876 1339 2968 eculeum,
1370 2878 1400 2946 iu

275 2992 431 3084 sequenti
444 2991 673 3086 propositione
692 2991 907 3085 expenditur.

326 3105 518 3198 Propositio
549 3111 597 3174 α’.
628 3107 800 3202 Eneeptir
827 3105 979 3178 ecclesio
1005 3103 1276 3193 Mediolanensi,
1297 3122 1333 3176 et
1351 3130 1402 3176 cu·

271 3219 383 3316 pellis
400 3217 580 3306 toletanis
600 3219 729 3316 quidus
745 3222 833 3292 ricus
855 3219 1103 3292 lllozorabirus
1114 3223 1316 3318 permissus
1329 3220 1400 3308 fue·

275 3351 346 3421 rut,
364 3349 496 3404 enitere
511 3336 620 3405 totius
640 3335 841 3406 Occidentis
853 3337 1023 3424 ecclesaie,
1049 3352 1203 3432 tempore
1221 3339 1261 3408 S.
1283 3337 1347 3406 Pii
1361 3340 1398 3416 V,

276 3450 428 3546 liturgiae
456 3455 624 3520 Romane
643 3449 879 3523 censebantur
898 3468 934 3523 et
949 3468 1054 3522 eruut
1075 3449 1118 3520 de
1126 3451 1213 3548 jure
1241 3451 1307 3522 vel
1324 3475 1401 3522 cou-

275 3562 461 3632 suetudine
483 3561 687 3650 adsutum
717 3591 761 3634 uc
771 3566 922 3662 proinde
957 3564 1060 3636 bullis
1100 3567 1228 3636 Pinnis·
1250 3592 1320 3662 pro
1347 3591 1399 3634 ea·

276 3701 356 3748 rum
374 3676 625 3776 tenoreligntae
641 3685 865 3752 sunt-hm
880 3707 982 3776 supra
996 3681 1212 3777 exposuimus
1234 3679 1398 3775 quomodo

279 3793 313 3862 iu
335 3791 456 3864 Galliis
475 3810 509 3863 et
527 3795 718 3866 Germauiae
733 3797 928 3892 regionibus
945 3812 1064 3867 octavo
1079 3795 1214 3884 saeculo,
1233 3812 1296 3867 aut
1309 3809 1399 3864 aute-

281 3906 363 3974 riori
382 3909 481 3976 ctiam
502 3924 667 4004 tempore,
686 3910 844 3980 inlocum
860 3913 980 3981 veteris
997 3909 1153 4007 gallicani
1171 3912 1257 3981 ritus
1271 3911 1399 4004 liturgia

279 4023 431 4090 Romana
447 4027 663 4115 successerit3
682 4027 772 4120 quod
792 4042 825 4095 et
838 4027 872 4094 in
887 4027 1056 4120 Hispaniis
1070 4027 1254 4096 undecimo
1269 4023 1395 4110 seculo,

278 4136 388 4202 saneti
405 4137 565 4230 Gregorii
585 4143 652 4209 vll
673 4140 744 4210 zelo
766 4141 832 4210 fuit
849 4141 1040 4210 obtentum.
1066 4145 1154 4210 ltesn
1174 4141 1211 4210 in
1235 4141 1335 4212 Itnlia
1352 4141 1399 4208 iu·

274 4247 432 4342 sulisque
450 4249 695 4343 adjacentibus,
710 4269 814 4349 etque
827 4257 864 4323 in
883 4255 1070 4340 Britannia,
1087 4253 1263 4350 liturgiam
1283 4260 1398 4326 Roma-

279 4387 359 4432 num
382 4362 586 4460 generaliter
603 4370 751 4463 viguisse
770 4385 902 4452 certum
921 4385 984 4440 eet
1001 4374 1092 4441 Dum
1108 4395 1192 4466 ergo
1211 4368 1397 4441 Occidentis
