2978 5076
217 369 287 456 248
675 389 877 438 retornus

216 522 343 618 placuit
356 545 450 594 suam
465 521 620 592 ducentis
632 522 966 616 annisantiquiorum
984 517 1155 616 liturgiam
1170 519 1340 610 deserere,

215 652 250 706 et
272 641 461 706 Romanam
485 661 505 705 a
532 638 660 708 Sancto
692 636 752 706 Pio
784 639 815 706 V
846 635 1037 730 evulgatam
1065 634 1234 730 amplecti,
1260 636 1342 706 huic

217 751 393 845 posteriori
405 749 573 822 adstrictae
581 751 817 820 remanserint.
829 749 1025 820 Tenendum
1037 765 1087 818 est
1100 750 1343 820 easadstrictas

216 864 425 951 remansisse,
444 866 492 934 ita
506 878 544 934 nt
556 865 599 936 ad
608 865 786 959 pristinam
801 863 924 952 redire,
931 864 1001 957 jam
1012 865 1092 960 ipsis
1101 889 1170 934 non
1187 861 1342 934 licuerit:

216 980 308 1074 quod
325 980 490 1074 probatur
511 980 547 1050 1⁰
561 983 607 1050 Ex
627 979 778 1074 sequenti
790 982 825 1048 S.
841 979 1125 1074 congregationis
1144 981 1272 1048 rituum
1288 978 1346 1048 de·

218 1123 236 1160 a
247 1110 358 1164 creto:
372 1098 464 1166 Usus
470 1094 626 1165 nastulis
632 1109 667 1163 ct
675 1093 847 1164 breviarii
851 1093 1118 1164 Romant'semel
1121 1091 1343 1164 introductus

217 1238 235 1276 u
251 1210 289 1278 in
295 1208 445 1279 ecclesia
454 1207 579 1306 aliqua
588 1233 667 1306 quae
673 1206 826 1278 habebar
832 1207 1055 1303 particulare
1061 1209 1207 1279 ruisi-ale
1221 1227 1256 1280 et
1266 1209 1344 1279 bre-

206 1355 236 1390 ,α
251 1327 412 1412 niarium,
435 1323 700 1416 confirmandus
714 1341 779 1410 est,
802 1349 867 1394 nec
878 1323 961 1395 licet
970 1322 1084 1394 redire
1098 1323 1260 1396 adtrsun'r
1276 1351 1343 1396 un·

217 1470 235 1506 α
253 1443 344 1538 tiqui
366 1440 521 1512 mrssulr's
559 1456 595 1511 et
623 1438 800 1510 breviarii.
827 1470 845 1506 a
876 1444 1059 1510 Decretum
1086 1439 1169 1510 illud
1195 1443 1344 1538 reperies

215 1556 307 1650 apud
329 1554 530 1639 Gardellini,
553 1571 645 1624 tomo
674 1559 751 1641 Vll,
779 1556 901 1650 pagina
931 1554 992 1640 60,
1024 1557 1058 1624 in
1089 1556 1237 1650 quodam
1263 1573 1343 1628 voto

215 1673 320 1766 patris
337 1670 539 1742 Zecclrinclli
559 1671 728 1740 societatis
748 1673 845 1756 Josu3
871 1685 905 1738 et
925 1670 1019 1767 apud
1044 1669 1209 1742 Cavalieri
1232 1672 1245 1732 l
1249 1686 1272 1740 t.
1296 1675 1344 1760 ll,

215 1811 295 1880 pag.
333 1809 413 1881 192,
440 1785 521 1856 edit.
554 1790 693 1874 Venet,
726 1785 845 1881 1770).
873 1788 914 1854 ln
940 1800 1085 1880 utroque
1110 1783 1187 1854 loeo
1215 1785 1344 1856 dieitur

214 1901 341 1972 editum
355 1903 390 1969 in
409 1926 509 1972 causa
531 1899 698 1986 Tullensa',
722 1926 785 1970 seu
803 1900 947 1988 nullius,
971 1898 1012 1972 15
1033 1902 1153 1970 martii
1174 1900 1277 1971 1608.
1299 1900 1344 1970 ll·

214 2013 272 2084 lnd
305 2031 415 2086 tamen
446 2016 570 2086 frustra
604 2039 734 2110 <pareres
763 2016 797 2084 in
828 2015 965 2110 propria
996 2014 1074 2084 sede
1101 2015 1343 2111 clnonologica

202 2131 306 2226 'apud
326 2130 573 2202 Gardellinum.
592 2133 682 2202 Dicti
696 2147 809 2200 antem
831 2130 957 2201 decreti
977 2155 1109 2200 sensum
1138 2131 1186 2200 ita
1203 2133 1344 2226 exponit

215 2246 383 2319 Caralieri
406 2275 414 2318 ε
433 2277 451 2313 u
464 2234 688 2343 Properemns
707 2246 750 2316 ad
767 2269 909 2316 examen
933 2246 1056 2316 decreti
1080 2248 1114 2315 in
1132 2269 1202 2341 qno
1217 2246 1346 2316 stabili·

217 2391 234 2428 «
249 2377 318 2452 tur,
340 2362 432 2457 quod
456 2363 499 2431 ab
519 2361 665 2433 ecclesiis
682 2361 886 2432 habentibus
900 2361 957 2454 jus
977 2361 1105 2457 proprii
1131 2361 1290 2434 breviarii
1311 2377 1346 2432 et

216 2477 399 2567 «missalis,
424 2477 525 2548 semel
549 2478 745 2549 introducto
777 2502 840 2548 usu
869 2475 1010 2548 missalis
1029 2491 1062 2546 et
1088 2477 1245 2548 breviarii
1275 2481 1344 2548 llo·

216 2623 233 2658 α
251 2595 355 2680 mani,
376 2594 628 2664 confirmandus
651 2608 714 2680 est,
743 2619 805 2663 nec
820 2592 944 2662 eisdem
970 2591 1048 2662 licet
1070 2592 1214 2688 amplius
1234 2594 1345 2663 redire

216 2707 290 2776 aad
320 2733 418 2776 usum
445 2709 577 2802 antiqui
604 2705 745 2778 missalis
780 2723 814 2777 et
837 2707 1012 2780 breviarii.
1043 2709 1151 2802 Cujus
1176 2711 1344 2780 rationem

216 2850 234 2886 α
250 2825 374 2892 Suorez
403 2822 461 2917 (de
493 2823 596 2892 Horis
626 2824 809 2912 canonicis,
832 2848 905 2917 cap.
941 2845 1000 2912 ιι,
1027 2848 1061 2892 n.
1088 2823 1138 2918 4),
1171 2823 1345 2894 Baldellns

216 2936 323 3033 «Uib.
344 2962 409 3026 111,
433 2938 519 3034 disp.
543 2963 610 3036 29,
632 2963 669 3008 n.
692 2937 742 3035 9),
759 2953 794 3008 et
813 2939 967 3008 Persicus
985 2939 1098 3032 (tract.
1118 2937 1155 3027 6,
1181 2939 1223 3008 de
1240 2941 1345 3009 Horis

216 3081 233 3116 α
249 3077 325 3122 can.
349 3079 385 3123 n.
402 3051 451 3147 5),
474 3069 595 3148 petunt
608 3078 651 3124 ex
669 3079 710 3123 co
726 3053 818 3148 quod
833 3079 895 3148 per
910 3052 1069 3122 breviarii
1085 3055 1228 3122 Romani
1250 3078 1346 3124 acce-

221 3168 439 3262 optationem
456 3169 597 3263 antiqua
615 3169 827 3239 consuetudo
840 3183 1030 3257 revocatur,
1049 3167 1105 3260 jus
1125 3169 1255 3264 proprii
1270 3171 1346 3242 bre·

222 3282 349 3350 «viarii
374 3280 544 3371 aboletur,
565 3295 599 3354 et
617 3285 836 3354 renuntiatur
851 3280 1028 3377 privilegio
1052 3283 1086 3351 in
1115 3283 1268 3376 superius
1294 3309 1345 3353 te·

221 3425 237 3461 a
252 3399 378 3468 censita
397 3400 591 3494 exceptione
607 3415 792 3489 content03
806 3415 839 3469 et
853 3398 928 3469 ideo
942 3397 1107 3468 lcxl'iana
1121 3397 1163 3468 de
1177 3397 1345 3468 breviario

219 3541 235 3576 a
250 3516 405 3584 Romano
415 3515 526 3584 statim
545 3513 685 3610 obligat.
1165 3503 1169 3508 ¹

267 3660 283 3696 u
300 3635 345 3702 At
362 3631 456 3725 quid,
476 3634 503 3702 si
527 3658 589 3729 per
609 3657 810 3704 consensum
832 3632 990 3728 Episcopi
1008 3647 1042 3704 et
1062 3630 1203 3726 capituli
1219 3631 1346 3702 brevia·

207 3774 234 3816 ,α
250 3746 338 3816 rium
352 3751 544 3818 Romanum
559 3762 772 3842 acceptatum
785 3748 914 3835 suisset,
929 3747 986 3818 sed
1004 3746 1139 3816 eosdem
1160 3770 1345 3816 consensus

218 3865 390 3956 «praestiti
411 3865 524 3936 statim
538 3866 713 3960 poeniteat,
737 3867 782 3934 ita
804 3881 842 3936 ut
865 3890 928 3935 nec
944 3863 1046 3934 semel
1068 3863 1197 3934 dictum
1214 3863 1346 3932 brevia·

218 4005 235 4040 α
251 3979 338 4044 rium
354 3978 476 4048 fuisset
491 3984 526 4049 in
548 4005 645 4050 usum
666 3979 868 4051 inductum?
888 3983 1069 4050 Decretum
1090 3979 1177 4048 hanc
1194 3977 1346 4072 quaestio·

207 4120 236 4158 .«
254 4115 332 4160 nem
345 4116 413 4161 non
425 4092 564 4179 dirimit,
578 4118 656 4164 curn
672 4095 835 4189 procedat
852 4095 917 4164 sub
932 4093 1164 4189 suppositione
1183 4117 1266 4162 usus
1273 4095 1344 4187 jam

220 4205 383 4276 «inducti
405 4206 566 4280 breviarii
587 4212 744 4280 Romani.
765 4214 831 4280 Pro
846 4210 1002 4281 libertate
1024 4232 1105 4280 vero
1122 4209 1252 4304 proprii
1270 4208 1345 4277 bre·

220 4350 237 4386 a
252 4322 348 4392 viarii
372 4322 553 4394 faciuntea
568 4324 670 4394 verba
685 4325 825 4410 decreti,
843 4351 909 4396 racc
926 4323 1008 4396 licet
1024 4322 1150 4411 redere,
1175 4349 1250 4417 quae
1267 4348 1345 4418 sup·

219 4452 384 4532 aponum
398 4437 577 4511 discessum
596 4464 617 4509 a
633 4440 774 4534 proprio
797 4439 979 4525 breviario,
994 4438 1055 4532 qui
1073 4464 1142 4510 non
1165 4438 1343 4522 intervenit
