3018 5070
217 269 267 344 56
677 304 883 352 mactmus

219 424 372 516 quisquis
391 423 442 494 vel
455 426 622 496 modicam
633 428 677 498 dc
693 431 952 524 antiquitatibus
960 445 995 500 et
1006 445 1081 500 arte
1093 430 1226 500 criticos
1235 431 1345 500 notio-

221 563 300 607 nem
319 539 520 633 praelibavit.
537 545 589 611 Ita
609 545 698 614 iuter
724 559 862 614 caeteros
878 546 1030 614 sentiunt
1050 544 1181 615 Natalis
1204 545 1345 616 Alexan·

221 653 293 737 der,
318 655 497 725 cardinalis
523 661 626 747 Bona,
661 659 850 730 Granoolas
869 675 904 730 et
927 659 1017 730 sata.
1040 659 1207 754 Equidem
1232 661 1346 754 quoad

221 765 393 863 liturgiam
420 797 495 864 quac
512 774 620 842 sancti
645 775 764 844 Jacobi
792 791 1012 871 nuncupatur
1035 789 1157 869 putant
1187 779 1283 844 Bona
1311 789 1347 844 ct

221 883 298 952 Sala
317 911 394 954 cum
413 889 587 958 nonnullis
601 888 676 958 aliis
694 916 730 960 se
744 893 869 960 invicta
883 891 925 960 dc
938 891 1278 984 ejusautbenticitate
1294 915 1348 959 re·

221 1000 348 1092 perisse
360 1019 579 1097 argumenta,
597 1019 633 1074 at
649 1005 843 1101 apostolum
868 1009 972 1078 istum
990 1007 1094 1100 hujus
1114 1005 1260 1101 liturgiae
1283 1031 1347 1076 au-

222 1129 351 1184 ctorem
366 1143 437 1187 non
451 1145 521 1188 esse
536 1120 797 1191 tenentaliicum
805 1122 915 1190 Natali
927 1121 1130 1192 Alexandro.
1140 1121 1234 1190 Idem
1243 1145 1348 1214 porro

221 1230 264 1299 de
284 1234 454 1302 veteribus
472 1232 687 1305 ecclesiarum
706 1237 967 1307 occidentalium
992 1236 1139 1331 liturgiis
1166 1235 1348 1305 dicendum

222 1349 326 1416 venit.
352 1351 658 1420 Sacramentarium
672 1353 769 1445 quod
786 1354 893 1422 sancti
913 1352 1040 1424 Gelasii
1060 1352 1266 1438 inscribitur,
1288 1349 1349 1419 illo

222 1460 385 1556 pontifice
403 1461 513 1532 multo
525 1467 693 1534 recentius
712 1483 775 1554 est,
789 1482 827 1535 ut
847 1469 1006 1562 probavit
1024 1468 1209 1561 Basnagius
1222 1479 1256 1533 et
1273 1466 1350 1534 exi-

221 1576 361 1646 stimant
379 1577 474 1648 Pfaff
479 1595 514 1649 et
522 1580 720 1651 Hoffmann.
736 1581 790 1651 Ad
797 1585 1096 1652 sacramentarium
1110 1581 1217 1652 sancti
1226 1581 1350 1650 Leonis

223 1691 316 1784 quod
343 1695 475 1782 attinet,
505 1695 700 1790 jamjudum
728 1697 891 1768 derelicta
915 1712 966 1766 cst
983 1698 1101 1792 opinio
1124 1721 1200 1790 quae
1224 1693 1349 1764 librum

224 1807 317 1876 hunc
330 1808 423 1877 dicto
443 1811 601 1904 Pontifici
619 1813 811 1900 tribuebat,
833 1827 940 1907 atque
957 1809 1048 1880 illius
1063 1810 1213 1905 liturgici
1231 1809 1350 1903 scripti

223 1922 517 2018 protoexemplare
533 1909 592 1995 diu
606 1942 686 2021 post
701 1931 854 1998 Leonem
866 1952 1030 2022 magnum
1052 1925 1154 1996 luisse
1166 1926 1351 1996 concinna·

223 2051 310 2124 tum,
331 2064 366 2108 se
386 2038 697 2110 demonstraturum
717 2041 897 2136 pollicetur
917 2044 1116 2112 Franciscus
1130 2045 1232 2112 Pcrez
1245 2045 1351 2134 Bayer

225 2154 260 2224 in
283 2180 345 2224 suo
372 2154 459 2225 libro
479 2160 535 2226 cui
555 2156 674 2228 titulus
693 2163 876 2229 Damasus
899 2175 935 2228 et
949 2159 1159 2228 Laurentius
1179 2157 1352 2250 Hispanis

225 2269 443 2358 maledicatur,
463 2296 541 2366 pag.
575 2271 655 2342 131.
672 2276 747 2340 Jam
763 2299 843 2342 vero
865 2273 1010 2367 liturgiae
1026 2297 1174 2365 quarum
1190 2271 1289 2366 origo
1317 2283 1353 2338 et

224 2402 382 2456 auctores
406 2385 470 2454 sub
493 2386 705 2478 antiquitatis
732 2385 868 2456 latebris
889 2401 1126 2456 remanserunt
1146 2383 1351 2472 absconditi,

225 2501 309 2596 quid
324 2500 536 2569 auctoritatis
554 2499 678 2568 habere
693 2515 837 2594 possunt
856 2501 893 2570 in
909 2499 1098 2596 eliquandis
1121 2499 1353 2570 demonstran-

227 2614 323 2684 disvc
339 2615 440 2684 rebus
457 2613 536 2684 fidei
551 2613 566 2682 i

277 2729 515 2823 Objectionem
535 2731 635 2819 hanc,
649 2731 742 2825 quod
761 2729 837 2824 plus
848 2732 977 2802 caeteris
988 2730 1228 2800 fucumfocissc
1239 2727 1354 2796 videa·

230 2861 298 2936 tur,
318 2844 486 2914 voluimus
504 2844 623 2916 fusiori
646 2845 775 2916 calamo
791 2847 958 2934 evolvere,
980 2861 1021 2915 ut
1031 2846 1138 2941 magis
1153 2844 1261 2914 menti
1274 2867 1354 2937 per·

228 2975 345 3056 specta
364 2959 551 3030 confutatio
573 2961 747 3032 iubaereat.

279 3079 493 3146 Rnsronsro.
530 3117 581 3130 —
618 3085 654 3146 1⁰
691 3078 855 3146 Libenter
888 3077 1105 3148 concedimus
1133 3099 1211 3145 cum
1240 3069 1355 3144 Natali

229 3190 436 3278 Alexandro,
453 3190 678 3279 Tillemontio,
697 3191 838 3287 aliisque
856 3208 929 3262 tum
948 3194 1087 3262 scientia
1103 3207 1177 3262 tum
1193 3190 1356 3260 doctrinae

229 3308 330 3378 etiam
346 3308 495 3401 puritate
515 3307 706 3400 conspicuis
728 3308 824 3394 viris,
844 3305 1000 3401 liturgias
1021 3305 1248 3400 quorumdam
1270 3327 1356 3396 apo·

232 3421 398 3493 stolorum
422 3422 558 3492 nomine
581 3423 768 3518 insignitas,
789 3421 970 3492 nonfuisse
987 3407 1357 3515 corumapostolorum

232 3563 331 3631 opus,
355 3537 473 3606 saltem
486 3537 600 3632 quoad
614 3539 728 3620 omnia
742 3562 818 3630 quae
833 3540 1009 3606 continent
1027 3552 1062 3606 et
1080 3535 1193 3629 quoad
1212 3537 1358 3605 formam

231 3677 335 3746 quam
352 3651 473 3721 saeculo
481 3652 551 3744 jam
570 3653 693 3746 quinto
713 3653 910 3722 induerant.
931 3656 1006 3722 Imo
1034 3677 1077 3721 ne
1099 3676 1238 3746 gravem
1255 3665 1358 3743 atquc

233 3767 323 3838 inter
350 3766 500 3836 cruditos
515 3765 628 3836 adlruc
645 3769 806 3862 agitatam
825 3767 1092 3860 controversiam
1114 3765 1359 3860 ingrediamur,

233 3884 487 3952 concessionem
518 3898 669 3953 nostram
697 3884 832 3954 extendi
857 3883 1087 3979 permittimus
1119 3879 1161 3950 ad
1184 3879 1359 3973 liturgiam

234 4022 310 4090 quse
328 3999 434 4067 sancti
452 4001 570 4070 Jacobi
586 4000 722 4070 dicitur.

284 4117 322 4184 2⁰
343 4116 669 4203 Atverosubdolaet
687 4114 821 4184 falsario
839 4139 945 4184 manu
965 4128 1000 4182 et
1014 4139 1055 4182 ex
1072 4106 1359 4206 quadamnelaria

233 4229 1360 4326 conspirationeconfictasfuisseliujusmodiliturgias,uoutantum

233 4371 303 4416 uon
323 4347 533 4436 conceditur,
552 4346 610 4416 sed
618 4347 800 4416 ridiculum
819 4371 889 4416 esse
905 4346 1105 4442 figmentum
1118 4341 1208 4412 facili
1221 4339 1360 4434 negotio
