2978 5076
477 371 524 416 na
546 369 632 418 surr
655 371 863 420 niruacico.
1168 354 1236 452 189

103 527 123 560 a
142 493 227 564 illud
244 493 430 562 servabunt
445 490 539 587 (dist.
564 517 617 578 ια,
633 491 760 586 Novit).
778 496 865 564 Nam
880 493 992 564 dicere
1006 496 1072 566 hoc
1085 496 1135 565 vel
1151 496 1237 568 illud

110 641 126 674 a
146 623 287 678 nonest
307 610 343 676 iu
365 623 547 702 praecepto,
566 633 643 678 cum
662 608 783 676 diversi
799 608 928 678 diversa
943 608 1060 680 dicant
1080 610 1141 699 (de
1155 638 1236 682 con-
1268 613 1270 617 ’

110 750 228 795 aseer.
255 725 332 796 dist.
362 721 395 810 5,
423 748 497 793 can.
521 727 567 794 In
596 721 666 815 dt'c)
698 721 823 792 Modus
838 741 951 792 tamen
973 725 1106 795 dicendi
1135 727 1237 799 horas

109 839 254 936 «quoad
285 836 460 908 saeculares
492 835 630 906 clericos
662 838 846 907 sumendus
864 853 914 908 est
932 839 975 906 ab
994 839 1143 912 Ecclesia
1167 849 1237 914 Ro·

111 985 126 1020 «
140 980 242 1024 mana
254 954 307 1050 (nt
324 955 358 1022 in
379 954 471 1024 dicto
490 977 619 1028 maone
639 957 685 1022 In
699 951 783 1046 dte),
795 951 845 1020 vel
865 953 1126 1048 metropolitana
1139 956 1233 1052 (dist.

111 1100 126 1133 a
148 1097 203 1156 ια,
218 1095 349 1140 canone
360 1067 478 1159 finali).
493 1070 567 1138 Nec
582 1068 782 1162 reprobatur
794 1093 856 1164 per
868 1069 933 1138 hoc
945 1067 1002 1139 ille
1017 1096 1097 1140 usus
1105 1073 1236 1167 (secun-

109 1216 125 1250 a
141 1186 225 1256 dnm
244 1183 482 1278 laudunum),
503 1209 572 1278 quo
586 1184 725 1278 quidam
746 1185 897 1254 conteuti
916 1199 998 1256 sunt
1016 1187 1124 1257 tribus
1144 1189 1235 1284 psal-

110 1333 125 1364 «
142 1303 219 1390 mis,
246 1300 324 1370 licet
344 1304 498 1370 Romana
523 1299 577 1370 vel
608 1299 869 1395 metropolitana
907 1301 1048 1372 ecclesia
1076 1303 1140 1373 hoc
1167 1331 1237 1374 non

110 1447 125 1482 a
142 1430 255 1486 servct
271 1415 363 1509 (dist.
383 1439 439 1503 ra,
454 1420 511 1484 De
530 1412 603 1506 his)
620 1416 731 1508 :quod
742 1432 826 1509 puto
843 1414 1099 1510 intelligendum
1113 1419 1156 1487 de
1174 1445 1237 1489 usu

110 1533 287 1624 «antiquo
315 1529 456 1622 alicujus
477 1528 634 1615 ecclesiae,
672 1557 739 1600 non
769 1531 811 1600 de
839 1557 879 1600 eo
896 1557 998 1625 quem
1021 1533 1085 1601 sibi
1114 1533 1239 1606 faceret

109 1678 125 1712 a
144 1649 277 1742 privata
294 1671 446 1741 persona.
462 1651 501 1716 ln
516 1646 728 1742 regularibus
744 1647 827 1717 dicit
840 1648 1038 1718 Laudamus
1060 1649 1238 1718 attenden-

110 1793 125 1828 κ
143 1763 222 1832 dam
241 1787 312 1832 esse
330 1762 576 1832 ordinationem
594 1761 717 1857 regulae
736 1788 804 1832 suae
821 1778 854 1832 et
876 1789 1015 1834 suorum
1033 1779 1238 1834 statutorum

110 1907 126 1942 a
145 1878 240 1972 (dist.
269 1903 325 1968 12,
345 1876 511 1970 Placiu't).
534 1877 600 1946 Sed
619 1879 654 1946 in
674 1877 855 1946 directorio
878 1879 966 1972 juris
994 1877 1032 1976 (l.
1061 1905 1092 1967 1,
1119 1882 1170 1950 tit.
1201 1878 1238 1975 8)

111 2026 127 2059 a
144 1995 273 2064 dicitur
297 1992 389 2086 quod
413 1992 588 2062 ordinatus
612 1992 654 2061 ad
686 1991 824 2062 titulum
851 2018 919 2063 suae
940 1997 1157 2088 possessionis
1185 1994 1237 2065 vel

111 2139 126 2173 a
143 2107 356 2205 patrimonii,
370 2121 482 2200 potest
499 2107 610 2176 dicere
626 2107 867 2202 quodcumque
886 2107 1047 2192 officium,
1069 2113 1149 2202 quia
1167 2136 1236 2180 non

109 2255 125 2289 a
144 2240 197 2294 cst
217 2221 388 2315 obligatus
401 2220 444 2290 ad
462 2221 560 2290 istam
575 2219 626 2290 vel
641 2220 732 2290 illam
746 2220 897 2316 regulam
916 2222 1117 2317 specialiter.
1134 2225 1239 2294 Ordi-

110 2369 126 2403 κ
146 2356 247 2408 natus
260 2362 339 2408 vero
351 2337 402 2407 vel
414 2336 607 2410 intitulatus
616 2337 659 2405 ad
671 2351 794 2406 certam
814 2335 965 2432 regulam
975 2336 1235 2430 velecclesiam,

110 2485 125 2522 a
146 2471 285 2526 tenetur
302 2452 414 2522 dicere
431 2451 581 2520 officium
598 2452 688 2545 quod
706 2453 750 2520 ihi
767 2451 839 2522 fieri
859 2451 1136 2538 consucvit‚alias
1158 2479 1239 2548 pec-

111 2601 126 2636 a
144 2583 240 2641 caret
257 2568 350 2662 (dist.
370 2571 486 2652 1¹‚l‘2
503 2565 587 2660 tis).
601 2566 733 2654 Ethoc,
751 2567 814 2636 nisi
832 2582 918 2636 esset
934 2593 1037 2662 super
1051 2568 1116 2638 hoc
1133 2569 1240 2663 privi-

111 2715 126 2748 «
146 2684 304 2779 legimus,
326 2697 365 2752 ut
383 2680 495 2751 clerici
510 2696 544 2749 et
570 2679 720 2774 religiosi
743 2683 896 2775 quisunt
918 2682 1159 2754 commensales
1176 2685 1239 2754 do·

111 2798 276 2870 «mestici
301 2795 523 2874 cardinalium
549 2812 584 2865 et
607 2797 857 2890 episcoporum,
887 2797 1012 2890 quihus
1043 2798 1241 2894 indulgetur

112 2945 127 2976 u
146 2913 241 3010 quod
259 2913 348 2982 idem
366 2911 479 2980 dicant
493 2911 656 2997 officium,
677 2937 739 2981 nec
750 2911 794 2981 ad
812 2910 905 2980 aliud
923 2925 1116 2982 teneantur.
1139 2943 1157 2979 u
1187 2916 1238 3008 (S.

111 3031 465 3117 Antoninus‚Snmma
481 3025 789 3120 tlieologica‚parte
802 3025 920 3111 in,tit.
939 3023 994 3113 13,
1013 3051 1089 3121 cap.
1107 3029 1143 3115 d,
1155 3029 1175 3120 s
1189 3038 1240 3122 a.)

160 3155 214 3219 Ex
231 3149 282 3216 his
300 3146 417 3240 paucis
436 3142 534 3213 facile
561 3142 735 3235 introspici
754 3156 866 3236 potest
882 3166 1040 3236 quaenam
1058 3143 1164 3214 fuerit
1185 3143 1242 3214 do·

112 3266 220 3334 ctrina
232 3261 315 3331 ¹ante
331 3263 369 3332 S.
389 3261 488 3329 Pium
501 3261 534 3328 V
547 3261 774 3327 communiter
791 3272 938 3352 recepta.
959 3260 1090 3352 Nempe
1112 3285 1121 3327 τ
1135 3268 1172 3330 1⁰
1187 3285 1241 3329 re·

112 3379 246 3473 gulares
257 3377 301 3446 ad
316 3375 489 3470 liturgiam
504 3374 539 3442 in
555 3397 617 3444 sua
631 3371 748 3468 regula
764 3397 823 3441 seu
838 3373 997 3442 instituto
1013 3375 1241 3467 prescriptam

112 3495 215 3564 fuisse
239 3491 431 3562 adstrictos.
455 3485 493 3561 2⁰
515 3493 602 3558 Item
628 3487 768 3557 clericos
787 3485 963 3556 saeculares
983 3487 1173 3558 intitulatos
1198 3488 1242 3558 ad

114 3627 240 3680 certam
251 3605 601 3696 ecclesiam‚debuisse
615 3603 729 3674 officio
746 3603 846 3697 hujus
858 3601 1006 3672 ecclesiae
1021 3627 1091 3673 sese
1102 3604 1241 3674 confos-

114 3751 218 3796 mare.
229 3724 269 3796 3⁰
277 3720 434 3816 Singulas
442 3719 790 3814 ecclesiasgcneratim
803 3718 975 3812 loquendo
982 3718 1137 3788 debuisse
1146 3721 1242 3814 sequi

115 3841 288 3937 liturgiam
310 3835 578 3932 metropolitanae
600 3836 757 3920 ecclesiae,
771 3833 870 3928 juxta
887 3859 963 3905 can.
983 3839 1039 3903 Dc
1051 3835 1098 3902 iis
1116 3847 1150 3902 et
1166 3859 1244 3905 can.

114 3958 258 4030 Placuit
272 3953 499 4024 distinctionis
525 3977 585 4039 ης
601 3953 660 4046 qui
677 3950 747 4021 duo
760 3975 918 4039 canones,
933 3975 974 4020 ex
985 3948 1129 4020 concilio
1142 3950 1244 4021 Tolo-

114 4089 196 4144 tauo
214 4087 249 4141 et
264 4069 461 4140 Bracarensi
477 4066 657 4161 desumpti,
670 4065 740 4160 jam
758 4089 860 4160 supra
873 4065 963 4161 (cap.
984 4064 1021 4160 a)
1039 4064 1135 4135 relati
1150 4081 1242 4136 sunt.

115 4189 167 4276 4⁰.
192 4188 340 4260 Videtur
349 4202 462 4256 tamen
481 4184 625 4254 liberum
639 4179 899 4252 fnisseecclesiis
914 4180 1137 4276 suffraganeis
1148 4182 1242 4276 sequi

115 4308 221 4375 ritum
230 4309 393 4374 Romauae
406 4297 574 4386 Ecclesiae,
588 4296 707 4369 relicto
726 4297 797 4366 ritu
811 4294 1079 4391 metropolitane
1092 4295 1242 4391 proprio.

117 4419 157 4493 5⁰
173 4420 341 4516 Antiquos
357 4432 393 4488 et
421 4414 613 4488 laudabiles
625 4415 794 4511 cujusque
815 4409 966 4484 ccclesia
982 4411 1243 4484 consuetudines
