2946 5070
458 352 505 398 ns
530 351 618 400 sunu
644 353 847 402 nrruncrco.
1169 331 1209 404 61

100 484 305 552 dameutum..
320 479 430 572 Igitur
451 476 667 573 liturgiarum
694 481 877 550 auctoritas
893 481 1033 552 omuino
1054 481 1218 576 indepen-

99 599 174 666 dens
191 611 241 666 est
270 621 289 664 a
316 594 502 688 quaestioue
520 595 682 666 historica
709 596 751 666 dc
778 597 927 691 ipsarum
950 598 1085 692 origine
1115 613 1217 693 atque

98 710 297 782 evolutione.
310 709 452 781 Etiamsi
466 711 603 804 penitus
616 713 794 806 ignoretur
811 711 1120 805 quomodo'exorta
1142 714 1219 784 fue-

98 829 139 895 rit
159 824 269 920 aliqua
301 823 459 920 liturgiaj
481 839 515 894 et
543 826 620 918 quis
649 827 755 920 ipsius
781 842 902 897 auctor
930 827 1054 918 luerit,
1080 830 1219 922 etquid

98 941 263 1035 primitus,
284 939 366 1034 quid
381 953 499 1033 postea
516 938 574 1013 tali
591 940 644 1012 vel
664 941 723 1010 tali
737 939 858 1010 saeculo
869 943 1079 1014 continuerit
1086 945 1218 1029 ,modo

98 1071 222 1126 constet
244 1079 319 1124 eam
344 1053 384 1124 de
401 1053 618 1134 fuctoluisse
639 1054 813 1152 liturgiam
838 1054 956 1126 talium
978 1057 1220 1142 ecclesiarum,

98 1170 262 1241 constabit
279 1171 346 1238 hoc
365 1171 438 1264 ipso
458 1169 499 1240 de
517 1169 653 1243 illarum
676 1170 895 1273 aeclesiarum
914 1171 981 1241 fide
998 1185 1032 1242 et
1049 1171 1216 1244 doctrina.

98 1286 192 1356 Unde
210 1287 238 1354 si
264 1285 430 1381 probetur
448 1284 500 1356 vel
524 1286 707 1357 Ecclesiam
726 1291 937 1375 Romanam,
962 1285 1014 1356 vel
1031 1285 1217 1358 Ecclesiam

99 1399 317 1470 universalem
336 1399 467 1495 aliquid
485 1401 648 1482 doctriuae
666 1427 725 1475 seu
754 1403 921 1496 dogmatis
935 1413 1002 1496 'per
1019 1427 1095 1474 suas
1121 1400 1221 1474 litur-

98 1519 164 1610 gias
188 1516 398 1586 unanimiter
418 1499 578 1610 'profiteri
608 1533 667 1586 aut
687 1518 852 1613 professas
870 1541 961 1606 esse,
982 1518 1105 1614 dogma
1134 1519 1219 1588 illud

97 1633 157 1701 hoc
185 1634 259 1726 ipso
273 1631 533 1702 ,demonstratur
552 1659 692 1722 verum3
726 1635 806 1728 quia
834 1649 1004 1729 repugnat
1034 1633 1218 1704 Ecclesiam

97 1746 292 1818 catholicam
309 1748 345 1816 in
366 1773 429 1818 suo
451 1750 579 1843 capite,
596 1748 648 1818 vel
674 1750 709 1818 in
730 1751 841 1844 capite
863 1749 964 1820 simul
990 1765 1025 1820 et
1043 1751 1218 1839 membris,

96 1864 262 1932 erroribus
285 1862 470 1958 deturpari.
900 1926 904 1934 .

142 1983 317 2048 Omncrto
339 1975 621 2076 5².·-Liturgiae
645 1979 692 2047 ab'
718 1979 885 2049 haereticis
907 1981 1049 2050 fuerunt
1072 1983 1218 2083 vitiatae3

97 2117 171 2188 ergo
182 2092 276 2162 nulla
288 2107 338 2162 est
350 2117 465 2162 earum
477 2093 511 2162 iu
527 2093 629 2162 rebus
641 2093 719 2162 fidei
729 2095 926 2164 auctoritas.
939 2097 1110 2165 Probatur
1122 2112 1219 2166 ante·

96 2208 238 2278 cedens:
258 2233 301 2276 ex
323 2206 512 2276 missalibus
537 2206 719 2276 chaldaicis
738 2221 870 2277 constat
893 2223 961 2278 tres
982 2223 1096 2278 extare
1118 2208 1218 2280 litur-

97 2325 161 2418 gias
178 2324 431 2394 nestorianismi
448 2347 617 2394 venenum
639 2321 881 2411 recondentem
904 2323 1077 2418 liturgiam
1099 2349 1220 2419 nempe

95 2465 164 2533 quae
180 2441 309 2509 dicitur
323 2436 573 2534 apostolorum,
588 2437 761 2532 liturgiam
779 2438 969 2528 Theodori,
991 2455 1026 2508 ct
1047 2437 1220 2534 liturgiam

95 2557 253 2626 Nestorii.
266 2559 320 2624 De
333 2555 396 2624 hac
409 2553 527 2624 ultima
536 2554 668 2624 dicebat
679 2555 843 2624 Leontius
854 2554 1170 2651 Byzantinus(libro
1179 2580 1222 2626 111

95 2670 253 2740 adversus
268 2669 479 2764 Nestorium)
494 2695 502 2738 ι
518 2667 655 2740 «ludet
672 2682 707 2737 et
730 2666 823 2738 aliud
842 2667 988 2758 malurn,
1009 2693 1080 2738 non
1099 2695 1219 2740 sacun-

94 2816 109 2850 n
126 2786 208 2856 dum
226 2786 271 2876 ad
292 2786 489 2879 superiora:
506 2783 605 2854 aliam
622 2784 712 2854 enim
738 2781 911 2878 liturgiam
933 2785 1081 2856 effutivit
1098 2803 1222 2879 praeter

94 2901 217 2972 «illam
246 2927 321 2996 quae
341 2927 360 2970 a
378 2901 533 2972 Patribus
553 2901 677 2970 tradita
704 2915 756 2969 est
782 2898 950 2989 ecclesiis3
972 2925 1034 2969 nec
1053 2902 1221 2970 reveritus

93 3047 109 3081 n
126 3017 219 3088 illam
240 3015 494 3110 apostolorum,
514 3040 577 3084 uec
593 3012 686 3082 illam
705 3014 820 3106 magui
836 3010 949 3082 Basilii
969 3013 1004 3080 in
1018 3009 1137 3080 eodem
1151 3011 1222 3103 spi·

92 3164 107 3197 ι(
124 3135 194 3204 ritu
214 3134 454 3227 conscriptam.
473 3135 512 3200 In
528 3155 595 3223 qua
619 3128 756 3223 liturgia
771 3126 988 3222 blasphemiis
1011 3151 1081 3196 non
1101 3151 1220 3220 preca·

92 3249 282 3320 «tionibus
304 3247 525 3318 Eucharistim
544 3245 740 3340 mysterium
758 3242 951 3338 opplevit.»
1044 3257 1047 3264 '

139 3371 231 3436 Item
259 3368 329 3434 Leo
355 3362 563 3457 Allatius(t)
585 3361 700 3456 plures
717 3361 847 3430 notavit
865 3383 997 3428 errores
1017 3359 1051 3427 iu
1076 3357 1218 3448 Triario,

91 3482 175 3550 etin
194 3480 284 3550 libro
298 3485 605 3562 Pentecortarum,
631 3499 670 3545 ac
699 3471 871 3542 nonnullis
898 3468 973 3540 aliis
1003 3470 1221 3541 ecclesiarum

91 3621 288 3688 graecarum,
299 3593 465 3688 liturgicis
485 3591 725 3665 voluminibus.
749 3593 837 3684 Item
852 3585 977 3658 missali
992 3589 1223 3677 hierarchice,

90 3710 174 3780 licet
192 3737 210 3780 a
228 3712 291 3804 piis
309 3719 343 3779 et
365 3709 506 3780 eruditis
526 3709 606 3777 viris
624 3706 797 3792 confecto,
813 3704 948 3804 labente
967 3718 1077 3774 tamen
1101 3720 1222 3775 octavo

89 3824 219 3896 saeculo
240 3823 345 3918 aliqui
364 3824 570 3919 irrepserant
588 3837 699 3892 textus
715 3847 792 3890 non.
803 3843 924 3916 parum
938 3818 1089 3888 faventes
1102 3817 1222 3890 haeresi

89 3941 356 4037 adoptirtarum
365 3987 376 4026 ,
397 3965 515 4010 eorum
529 3937 657 4009 scilicet
669 3937 728 4031 qui
750 3935 910 4006 dicebant
925 3935 1120 4034 Christum,
1138 3961 1224 4030 qua·

127 4145 171 4220 (l)
190 4143 242 4198 Leo
256 4127 377 4210 Allatius,
388 4143 478 4198 italico
485 4141 593 4216 Itucci,
609 4141 698 4208 laicus,
714 4139 753 4193 vir
764 4136 914 4196 eruditionis
925 4137 1135 4210 praeclarissima,
1150 4145 1223 4192 natus

90 4254 161 4289 anno
180 4233 262 4300 1586,
278 4239 304 4286 et
322 4231 452 4288 Vaticana
466 4225 785 4304 bibliothecaepraeiectus,
804 4227 880 4302 plura
894 4225 974 4282 edidit
991 4225 1022 4282 de
1035 4227 1112 4281 rebus
1125 4223 1224 4280 theolo-

91 4327 158 4400 gicis
183 4332 210 4380 et
221 4323 322 4397 liturgia
335 4343 423 4398 opera,
438 4341 547 4398 quorum
557 4321 717 4397 praecipuum
730 4319 797 4376 illud
819 4321 861 4376 cui
872 4320 960 4376 titulus
972 4325 1002 4374 de
1023 4325 1144 4376 Ecclesia
1154 4323 1226 4372 occi-

92 4419 211 4470 dentatis
221 4421 245 4470 rt
259 4419 400 4472 octontuta
409 4421 536 4484 muna
552 4416 724 4468 ceramum.
762 4487 768 4496 ι
