3018 5070
225 268 249 338 8
685 284 890 332 naimarus

224 437 335 514 quam
343 415 549 484 societatem
560 412 760 480 constituta.
778 406 936 478 Sewndo
942 409 1103 478 convenit
1114 411 1179 480 toti
1187 408 1349 482 delinito:

225 531 308 600 dum
326 529 417 598 enim
437 523 691 617 dicitursorma
711 522 827 594 crdtus
847 524 996 610 externi,
1017 524 1351 619 comprehenduntur

224 669 347 716 omnes
354 643 480 736 absque
488 640 685 734 exceptione
694 663 813 734 praxus
829 663 904 731 quae
916 636 960 707 ad
974 635 1146 732 liturgiam
1160 642 1351 733 pertinent;

224 783 302 830 cum
319 755 413 826 nulla
427 770 533 824 exstet
547 753 744 845 hujusmodi
757 752 870 846 praxis
888 777 964 846 quae
984 777 1054 820 uon
1074 753 1117 822 sit
1136 752 1252 847 aliqua
1273 781 1351 849 pars

214 872 349 968 sormae
383 869 499 940 cultus
524 870 674 956 externi,
700 892 760 936 scu
783 866 892 962 (quod
918 866 1007 936 idem
1037 867 1101 961 cet)
1125 866 1239 963 aliqua
1271 895 1351 964 pars

225 986 338 1056 cultus
359 984 489 1054 externi
515 999 680 1076 quatenus
706 980 766 1050 tali
789 981 890 1050 modo
907 1006 966 1050 seu
989 980 1099 1052 forma
1122 981 1350 1056 determinati.

229 1103 343 1172 Tertio
353 1099 514 1170 convenit
527 1096 590 1168 soli
603 1097 766 1166 delinito:
786 1111 826 1166 ut
843 1097 934 1166 enim
950 1095 1175 1168 excludantur
1194 1125 1270 1192 quae
1279 1125 1350 1170 non

224 1230 305 1286 sunt
322 1216 464 1310 ipsamet
486 1239 539 1282 res
553 1211 744 1282 definienda
759 1236 818 1281 seu
838 1212 981 1306 ipsamet
1001 1210 1152 1308 liturgia,
1168 1213 1295 1283 sufficit
1311 1229 1352 1284 ut

225 1345 406 1400 arceantur
427 1354 447 1397 a
472 1327 669 1397 definitione
695 1325 759 1394 illae
781 1324 892 1395 cultus
912 1327 1043 1394 externi
1063 1351 1182 1420 praxes
1209 1354 1294 1421 quas
1314 1329 1350 1397 in

225 1470 325 1515 usum
339 1469 439 1513 suum
449 1445 619 1538 privatum
636 1442 781 1534 quisque
794 1439 1145 1510 sibideterminaretet
1162 1459 1350 1532 exerceret3

226 1559 352 1628 sufficit
367 1557 511 1652 proinde
530 1572 568 1626 nt
585 1582 646 1651 per
662 1555 896 1624 definitionem
914 1553 1050 1650 liturgia
1067 1557 1291 1650 restringatur
1306 1558 1350 1628 ad

226 1699 347 1768 praxes
365 1672 476 1741 cultus
489 1670 652 1755 socialis;
665 1670 758 1762 quod
772 1668 879 1762 fitper
893 1667 967 1738 illas
975 1694 1072 1738 voces
1080 1668 1181 1764 apud
1189 1669 1350 1768 aliquam

224 1790 426 1858 societatem
454 1788 656 1856 constituta.
686 1783 928 1855 Definitionem
956 1798 1068 1852 autem
1092 1782 1185 1852 illam
1209 1787 1351 1880 quisque

226 1902 350 1997 poterit
370 1899 444 1970 aliis
463 1915 565 1995 atquc
582 1898 656 1968 aliis
675 1899 839 1986 terminis,
856 1899 1158 1994 opportunioribus
1178 1898 1292 1969 forsan
1317 1911 1351 1971 et

225 2015 437 2104 clarioribus,
453 2014 549 2084 facile
558 2014 773 2084 concinnare.

273 2130 316 2216 4⁰
335 2133 369 2200 Si
394 2156 475 2200 vero
494 2155 556 2224 per
576 2128 852 2198 enrrnoerutrbmi
877 2125 1074 2196 methodum
1096 2125 1186 2224 (quae
1202 2155 1290 2226 saepe
1306 2130 1351 2202 ad

225 2278 280 2324 res
297 2251 513 2322 illustrandas
533 2263 711 2344 tantopere
724 2247 872 2341 confert)
892 2248 1111 2318 describenda
1133 2251 1177 2318 sit
1202 2249 1351 2346 liturgia,

227 2368 419 2440 curandum
428 2381 478 2436 est
497 2380 536 2435 ut
559 2365 595 2432 in
615 2364 821 2432 enumeratis
839 2363 993 2456 partibus
1008 2378 1079 2434 tota
1099 2379 1134 2433 et
1147 2363 1218 2434 sola
1236 2365 1350 2460 expla-

225 2482 338 2552 nanda
362 2505 415 2549 res
435 2477 753 2573 comprehendatur,
777 2492 810 2545 et
833 2501 876 2544 ne
894 2500 1001 2545 uuum
1020 2479 1211 2548 membrum
1236 2480 1350 2576 ingre·

226 2595 340 2666 diatur
356 2593 515 2664 alterum.
533 2591 668 2682 Quibus
679 2591 848 2684 requisitis
865 2591 1076 2662 videturhaec
1091 2593 1237 2664 formula
1255 2597 1351 2666 satis·

226 2710 352 2780 facere:
362 2708 506 2806 liturgia
513 2722 567 2776 est
581 2706 916 2802 complexr'orerum,
924 2704 1349 2798 verborumetactrbnum,

225 2823 393 2919 inaliqua
402 2820 736 2917 soccewteprocultu
745 2835 889 2891 externo
896 2823 1226 2894 instr'tutorum.Sub
1235 2849 1352 2894 rerum

226 2937 482 3031 nuncupatione
495 2935 658 3005 indicatas
672 2935 774 3004 habes
787 2960 842 3004 eas
851 2937 1191 3026 omnessubstantias‚
1203 2939 1273 3008 sive
1282 2940 1354 3008 ani·

225 3067 344 3137 mutas,
361 3052 431 3120 sive
445 3051 619 3137 inanimes,
639 3075 713 3144 quae
732 3050 775 3119 ad
789 3049 919 3119 cultum
939 3065 1116 3120 externum
1137 3071 1354 3147 quocumque

227 3165 329 3234 modo
341 3163 493 3234 adhiberi
503 3179 656 3259 possunt,
669 3165 760 3233 verbi
772 3165 891 3259 gratia,
902 3165 1068 3252 victimas,
1083 3190 1219 3260 aquam,
1233 3165 1351 3254 salem,

224 3280 369 3367 lumina,
387 3275 518 3366 altaria,
537 3279 712 3373 imagines,
733 3302 823 3365 vasa,
849 3278 975 3371 ignem,
995 3278 1129 3374 aliaque
1145 3280 1352 3374 hujusmodi.

226 3395 298 3464 Sub
317 3395 495 3464 actionum
515 3389 682 3462 vocabulo
696 3390 872 3463 commode
888 3391 1099 3488 intelligendi
1116 3397 1257 3464 veniunt
1267 3395 1353 3464 ritus

227 3533 345 3578 omnes
361 3524 395 3577 et
410 3508 627 3595 caeremonia,
643 3507 701 3602 qui
718 3521 752 3576 et
770 3532 790 3575 a
809 3505 978 3601 praedictis
1000 3510 1102 3579 rebus
1115 3511 1185 3580 sive
1203 3510 1355 3580 substan·

228 3623 298 3711 tiis,
323 3637 357 3690 et
375 3647 396 3690 a
416 3622 598 3690 verborum
626 3619 781 3690 formulis
800 3620 984 3711 differunt3
1006 3625 1100 3692 verbi
1121 3625 1241 3719 gratia,
1259 3626 1354 3722 sigua

227 3735 349 3826 crucis,
375 3735 639 3832 genuflexiones,
664 3748 795 3828 cantus,
816 3761 1060 3832 campanarum
1080 3738 1267 3810 aliorumve
1297 3741 1353 3808 in·

228 3865 495 3920 strumentorum
518 3848 659 3918 sonitus.
685 3850 819 3938 Quibus
839 3853 866 3920 si
895 3851 1061 3948 adjungas
1083 3878 1157 3924 eam
1182 3857 1231 3924 rei
1253 3880 1355 3926 sacrae

226 3979 357 4060 partem
376 3989 451 4058 quae
462 3966 497 4034 iu
514 3963 896 4059 verborumprolatione
909 3969 1076 4058 consistit,
1094 3985 1204 4040 totum
1213 3968 1354 4040 habebis

228 4077 1357 4174 descriptamliturgiam.Dumautemadditurhaecomnianonessc

229 4191 387 4289 liturgica
398 4195 462 4264 nisi
480 4208 645 4290 quatenus
665 4195 717 4265 ad
731 4197 861 4267 cultum
878 4199 1107 4268 externnmin
1115 4197 1357 4298 ult'qnasucie-

228 4325 302 4382 tate
324 4309 502 4399 instituta,
518 4326 669 4380 remanet
691 4313 806 4382 solam
823 4312 1026 4410 descriptam
1045 4312 1146 4384 fuisse
1165 4313 1350 4410 liturgiam.
