2978 5076
476 399 522 445 Da
547 397 634 445 JURB
659 400 869 448 niwnclco.
1164 403 1237 476 219

112 555 128 593 a
146 525 362 596 recitandum
380 523 532 624 officium
545 526 646 620 juxta·
665 525 765 596 talem
781 529 904 616 ritum;
923 543 1171 622 consequenter
1186 529 1239 597 ol'·

111 641 262 710 «licium
286 640 438 710 diuinum
460 641 599 710 recitari
621 665 689 708 non
709 665 809 736 posse
824 643 922 735 juxta
946 642 1149 712 breviarium
1169 645 1239 713 ao-

109 786 126 822 a
141 783 284 826 manmn
298 757 358 825 ubi
372 771 579 852 praeceptum·
594 771 685 826 extat
698 759 735 825 in
751 759 973 847 contrarium,
990 775 1029 828 ut
1045 759 1238 831 Mediolani

110 873 291 942 «diximus
312 872 465 966 reperiri,
494 873 553 942 ubi
571 871 768 940 decernitur
790 873 825 941 in
848 874 981 942 virtute·
1004 890 1125 943 sanotae
1151 876 1236 946 obe·

110 1017 129 1051 a
143 989 284 1057 ‹lientiae
302 1003 509 1057 utomnes...
523 988 582 1082 qai
597 987 820 1056 Ambrosiano
837 1013 930 1058 more
940 989 1054 1058 divina
1071 991 1165 1059 obire
1177 987 1237 1060 ‹lc-

107 1131 123 1169 α
139 1105 236 1191 bant,
257 1104 409 1172 divinum
424 1103 574 1172 alliciam
588 1119 655 1174 tam
672 1102 816 1197 publice,
832 1129 934 1197 quam
954 1105 1125 1198 privatim,
1133 1105 1234 1198 Juxta

108 1219 358 1288 «Ambrosiani
380 1219 539 1288 breviarii
566 1219 798 1314 praescriptum
827 1218 1034 1313 persolvant.
1067 1249 1084 1284 a
1108 1221 1236 1316 (Bona-

104 1336 182 1403 cina
212 1335 254 1403 ‹lo
282 1335 321 1402 iis
345 1359 424 1428 quae
448 1335 491 1404 atl
518 1335 624 1404 divini
653 1334 759 1404 officii
794 1335 1026 1404 recitationem
1051 1338 1236 1430 pertinent,

104 1449 233 1543 disput.
259 1473 290 1538 1,
306 1477 338 1543 q.
363 1447 396 1534 3,
415 1465 534 1544 punct.
556 1453 605 1542 r.)

153 1565 211 1630 vl.
235 1565 400 1632 Doctrina
427 1565 593 1633 Garrire:
826 1645 829 1650 ³

153 1682 337 1772 Postquam
373 1695 500 1748 textam
528 1679 629 1748 bullae
656 1681 766 1749 Pinna
779 1682 909 1770 citavit,
926 1683 1024 1750 sicex
1047 1705 1089 1749 co
1103 1680 1235 1750 infert:

102 1821 118 1855 a
135 1797 186 1862 Ex
199 1795 322 1886 quibua
342 1795 453 1864 verbis
473 1794 651 1864 manifeste
671 1811 763 1890 patet
782 1821 850 1864 non
871 1798 1066 1864 recitantem
1088 1818 1148 1889 per
1168 1796 1235 1865 hoc

103 1908 358 1994 «breviarium,
379 1935 441 1979 nec
460 1909 647 1978 secundam
673 1910 778 2006 ipsius
798 1910 1043 2004 praescriptum,
1067 1911 1233 1980 rationem

102 2051 118 2085 a
138 2037 171 2090 ct
200 2021 397 2108 formulam,
422 2037 523 2116 atquc
537 2021 721 2090 secundum
743 2023 848 2116 ipsias
863 2019 994 2116 regulas
1017 2039 1050 2092 et
1067 2023 1233 2113 rubricas,

102 2165 119 2200 a
138 2161 209 2205 non
227 2137 420 2206 satisfacere
435 2162 501 2205 suta
517 2135 727 2231 obligationi,
747 2137 805 2204 sed
826 2138 1001 2206 incurrere
1020 2163 1135 2232 poenas
1152 2163 1234 2207 con·

103 2279 120 2315 a
141 2252 278 2320 stitutas
297 2253 332 2320 in
354 2277 423 2322 non
449 2253 640 2340 recitantes,
659 2267 760 2348 atque
780 2253 864 2322 adeo
880 2237 1122 2347 obligatiorem
1140 2255 1236 2324 resti-¹

102 2367 255 2437 «tuendi
280 2367 409 2436 intactus
433 2367 690 2439 beneficiorum.
713 2373 757 2440 Et
786 2369 832 2437 sic
861 2393 939 2436 cum
962 2369 997 2435 in
1023 2367 1112 2438 dicta
1139 2366 1233 2438 hulla

103 2509 295 2578 «expressa
325 2485 540 2578 precipiatur
564 2483 708 2577 qualitas
737 2499 770 2552 ct
790 2485 909 2554 modus
930 2485 1103 2573 horarum,
1127 2499 1235 2554 cessat
1338 2482 1340 2488 ’

102 2629 119 2664 α
138 2599 241 2667 hodie
258 2599 349 2671 (licta
365 2601 450 2668 ratio
473 2599 626 2691 Cajetani
651 2615 683 2666 et
700 2599 843 2668 alimum
863 2600 1056 2683 citatorum,
1078 2599 1169 2694 quod
1192 2599 1236 2668 de

103 2743 119 2778 a
139 2714 302 2808 qualitate
321 2713 485 2784 horarum
505 2739 574 2782 non
594 2715 638 2782 sit
652 2713 743 2783 aliud
764 2730 971 2812 praeceptum
1002 2716 1066 2783 nisi
1090 2740 1235 2784 consuc-

103 2861 118 2896 ει
140 2833 278 2902 tudo...
302 2832 397 2901 Facit
414 2833 513 2900 etiam
534 2832 685 2902 insimili
704 2833 750 2900 de
765 2832 890 2902 missali
910 2832 975 2903 alia
993 2831 1173 2902 declaratio
1196 2837 1234 2903 s:

103 2949 420 3043 «Congregationis
448 2950 565 3044 (saper
597 2974 626 3016 c.
650 2947 691 3016 de
713 2949 822 3017 indice
847 2948 1024 3037 librorum,
1051 2949 1233 3036 breviario,

102 3093 118 3127 a
138 3062 275 3151 missali,
292 3041 448 3132 sessionis
465 3061 535 3155 25),
555 3087 629 3157 quae
645 3063 692 3132 sic
714 3064 761 3131 ait
787 3089 795 3132 t
819 3061 1041 3134 celebrantes
1059 3062 1131 3132 alio
1152 3067 1237 3133 mt's·

103 3207 120 3242 a
139 3177 220 3262 sali,
256 3203 327 3246 aon
352 3179 419 3248 lroc
443 3176 646 3274 amicornm,
673 3180 736 3274 qai
760 3177 855 3248 alias
875 3193 1037 3248 torrentur
1061 3204 1108 3247 ea·
1136 3175 1235 3248 bulla

101 3321 122 3355 a.
139 3293 200 3361 Pa·
216 3297 252 3362 V
255 3294 374 3388 posita
388 3294 431 3361 ia·
446 3293 588 3364 raissali·
600 3299 769 3378 Romano,
797 3296 979 3364 anconam
992 3297 1028 3363 in
1044 3310 1233 3390 peccatam

102 3436 119 3470 a
136 3407 301 3495 mortale,
317 3409 514 3478 st'sct'eater
532 3425 566 3479 et
584 3408 717 3506 absque
726 3408 828 3506 justa
849 3434 956 3478 causa
973 3408 1014 3478 id
1025 3409 1231 3503 fecerint...

104 3547 121 3584 a
140 3524 262 3615 Itaque
293 3523 322 3590 si
345 3521 412 3591 alio
435 3523 601 3591 breviario
626 3526 676 3592 usi
692 3525 829 3614 luerint,
853 3549 892 3594 ao
913 3525 939 3593 si
954 3549 1022 3593 non
1038 3525 1233 3594 recitassent

102 3665 120 3700 a
140 3638 385 3727 censebuntar3
401 3637 563 3734 undequi
586 3631 715 3710 diceret
727 3641 769 3710 de
783 3657 900 3710 sancto
917 3643 949 3709 in
965 3640 1019 3710 die
1035 3665 1106 3735 quo
1121 3641 1234 3710 dicen·

102 3781 119 3816 a
140 3753 222 3821 dum
245 3769 329 3823 esset
345 3753 390 3823 do
413 3754 506 3843 feria,
525 3755 578 3824 vel
595 3772 726 3843 contra,
755 3783 823 3825 non
855 3757 1027 3826 satisfacit.
1049 3785 1064 3822 a
1082 3756 1233 3851 (Garoia,

101 3897 118 3932 a
139 3868 484 3962 ‹loBenel.‚parta3,
503 3895 578 3967 cap:
610 3879 692 3959 1‚n⁰
716 3870 782 3942 152
803 3872 947 3969 etseq).
1162 3877 1164 3884 ’

150 3987 229 4054 Vll.
253 3988 425 4056 Doctrina
447 3988 654 4078 *Laymam's

151 4129 166 4160 a
184 4097 367 4191 Officium,
390 4125 468 4169 cum
493 4101 627 4196 publice
647 4104 681 4170 in
704 4105 823 4191 choro,
851 4116 925 4172 tum
953 4105 1109 4198 privatim
1136 4118 1233 4174 extra

101 4241 119 4276 a
142 4214 285 4282 chorum
297 4213 476 4284 dicendum
492 4231 542 4284 ast
554 4217 741 4286 secundum
758 4218 899 4286 formam
914 4221 1058 4287 Romani
1073 4219 1232 4287 breviarii

102 4355 120 4391 a
141 4353 159 4396 a
179 4331 240 4398 Pio
257 4331 425 4400 Veditam
445 4346 509 4403 eta
529 4331 703 4402 Clemente
719 4335 1068 4404 Vlllrelormatam...
1087 4333 1233 4401 Permit-

105 4471 123 4508 α
145 4447 228 4515 titur
255 4445 414 4536 ecclesiis,
443 4450 653 4518 monasteriis
684 4437 960 4521 etconventihus
981 4475 1056 4543 quae
1079 4447 1234 4516 ducentis
