<?xml version="1.0" encoding="UTF-8"?>
<!DOCTYPE html PUBLIC "-//W3C//DTD XHTML 1.0 Transitional//EN"
    "http://www.w3.org/TR/xhtml1/DTD/xhtml1-transitional.dtd">
<html xmlns="http://www.w3.org/1999/xhtml" xml:lang="en" lang="en">
 <head>
  <title>
</title>
<meta http-equiv="Content-Type" content="text/html;charset=utf-8" />
  <meta name='ocr-system' content='tesseract 3.04.00' />
  <meta name='ocr-capabilities' content='ocr_page ocr_carea ocr_par ocr_line ocrx_word'/>
</head>
<body>
  <div class='ocr_page' id='page_1' title='image "./tractatusdejure00bouigoog_0208.png"; bbox 0 0 2978 5076; ppageno 0'>
   <div class='ocr_carea' id='block_1_1' title="bbox 493 333 1250 432">
    <p class='ocr_par' dir='ltr' id='par_1_1' title="bbox 493 333 1250 432">
     <span class='ocr_line' id='line_1_1' title="bbox 493 333 1250 432; baseline 0.008 -30"><span class='ocrx_word' id='word_1_1' title='bbox 493 357 539 402; x_wconf 81' lang='lat' dir='ltr'><strong>ne</strong></span> <span class='ocrx_word' id='word_1_2' title='bbox 562 355 653 402; x_wconf 78' lang='lat' dir='ltr'><strong>sunu</strong></span> <span class='ocrx_word' id='word_1_3' title='bbox 674 355 884 404; x_wconf 72' lang='lat' dir='ltr'><strong>mutereo.</strong></span> <span class='ocrx_word' id='word_1_4' title='bbox 1180 333 1250 432; x_wconf 77' lang='lat'><strong>195</strong></span> 
     </span>
    </p>
   </div>
   <div class='ocr_carea' id='block_1_2' title="bbox 97 485 1263 4506">
    <p class='ocr_par' dir='ltr' id='par_1_2' title="bbox 127 485 1255 814">
     <span class='ocr_line' id='line_1_2' title="bbox 127 485 1255 582; baseline 0 -24"><span class='ocrx_word' id='word_1_5' title='bbox 127 518 143 551; x_wconf 81' lang='grc' dir='ltr'><strong><em>α</em></strong></span> <span class='ocrx_word' id='word_1_6' title='bbox 162 503 196 558; x_wconf 83' lang='lat' dir='ltr'><strong>et</strong></span> <span class='ocrx_word' id='word_1_7' title='bbox 209 489 299 556; x_wconf 87' lang='lat' dir='ltr'><strong>iutra</strong></span> <span class='ocrx_word' id='word_1_8' title='bbox 321 504 450 556; x_wconf 76' lang='lat' dir='ltr'><strong>muner</strong></span> <span class='ocrx_word' id='word_1_9' title='bbox 466 485 601 583; x_wconf 77' lang='lat' dir='ltr'><strong>(comm</strong></span> <span class='ocrx_word' id='word_1_10' title='bbox 617 487 680 582; x_wconf 85' lang='lat' dir='ltr'><strong>qui</strong></span> <span class='ocrx_word' id='word_1_11' title='bbox 693 511 737 556; x_wconf 75' lang='lat' dir='ltr'><strong>eu</strong></span> <span class='ocrx_word' id='word_1_12' title='bbox 752 485 998 558; x_wconf 70' lang='lat' dir='ltr'><strong>conamudine</strong></span> <span class='ocrx_word' id='word_1_13' title='bbox 1011 487 1195 580; x_wconf 66' lang='lat' dir='ltr'><strong>provinciae</strong></span> <span class='ocrx_word' id='word_1_14' title='bbox 1206 490 1255 558; x_wconf 72' lang='lat' dir='ltr'><strong>ad·</strong></span> 
     </span>
     <span class='ocr_line' id='line_1_3' title="bbox 127 600 1251 698; baseline 0.007 -31"><span class='ocrx_word' id='word_1_15' title='bbox 127 633 143 667; x_wconf 76' lang='lat' dir='ltr'><strong>a</strong></span> <span class='ocrx_word' id='word_1_16' title='bbox 161 603 193 672; x_wconf 90' lang='lat' dir='ltr'><strong>id</strong></span> <span class='ocrx_word' id='word_1_17' title='bbox 205 600 549 698; x_wconf 76' lang='lat' dir='ltr'><strong>tenenturimpensie)</strong></span> <span class='ocrx_word' id='word_1_18' title='bbox 557 603 809 698; x_wconf 78' lang='lat' dir='ltr'><strong>imprimantur,</strong></span> <span class='ocrx_word' id='word_1_19' title='bbox 822 625 1016 696; x_wconf 82' lang='lat' dir='ltr'><strong>procurare.</strong></span> <span class='ocrx_word' id='word_1_20' title='bbox 1030 601 1142 690; x_wconf 70' lang='lat' dir='ltr'><strong>alsub</strong></span> <span class='ocrx_word' id='word_1_21' title='bbox 1150 604 1251 675; x_wconf 83' lang='lat' dir='ltr'><strong>titulo</strong></span> 
     </span>
     <span class='ocr_line' id='line_1_4' title="bbox 127 715 1253 814; baseline 0.006 -33"><span class='ocrx_word' id='word_1_22' title='bbox 127 747 143 782; x_wconf 79' lang='lat' dir='ltr'><strong>n</strong></span> <span class='ocrx_word' id='word_1_23' title='bbox 161 715 204 786; x_wconf 84' lang='lat' dir='ltr'><strong>de</strong></span> <span class='ocrx_word' id='word_1_24' title='bbox 216 718 414 812; x_wconf 64' lang='lat' dir='ltr'><strong>Episcopus,</strong></span> <span class='ocrx_word' id='word_1_25' title='bbox 438 715 528 810; x_wconf 86' lang='lat' dir='ltr'><strong>apud</strong></span> <span class='ocrx_word' id='word_1_26' title='bbox 551 716 679 807; x_wconf 86' lang='lat' dir='ltr'><strong>Labbe,</strong></span> <span class='ocrx_word' id='word_1_27' title='bbox 701 731 727 784; x_wconf 83' lang='lat' dir='ltr'><strong>t.</strong></span> <span class='ocrx_word' id='word_1_28' title='bbox 750 717 828 804; x_wconf 83' lang='lat' dir='ltr'><strong>XV,</strong></span> <span class='ocrx_word' id='word_1_29' title='bbox 849 741 926 811; x_wconf 73' lang='lat' dir='ltr'><strong>pag.</strong></span> <span class='ocrx_word' id='word_1_30' title='bbox 952 739 1038 788; x_wconf 74' lang='lat'>1021</span> <span class='ocrx_word' id='word_1_31' title='bbox 1062 732 1101 788; x_wconf 82' lang='lat' dir='ltr'><strong>eb</strong></span> <span class='ocrx_word' id='word_1_32' title='bbox 1125 716 1253 814; x_wconf 78' lang='lat'>1022.)</span> 
     </span>
    </p>

    <p class='ocr_par' dir='ltr' id='par_1_3' title="bbox 127 829 1260 2195">
     <span class='ocr_line' id='line_1_5' title="bbox 172 829 1254 929; baseline 0.003 -27"><span class='ocrx_word' id='word_1_33' title='bbox 172 833 268 902; x_wconf 82' lang='lat' dir='ltr'><strong>Idem</strong></span> <span class='ocrx_word' id='word_1_34' title='bbox 290 855 370 901; x_wconf 80' lang='lat' dir='ltr'><strong>vero</strong></span> <span class='ocrx_word' id='word_1_35' title='bbox 383 830 562 902; x_wconf 84' lang='lat' dir='ltr'><strong>concilium</strong></span> <span class='ocrx_word' id='word_1_36' title='bbox 584 831 646 900; x_wconf 86' lang='lat' dir='ltr'><strong>sub</strong></span> <span class='ocrx_word' id='word_1_37' title='bbox 665 829 765 900; x_wconf 87' lang='lat' dir='ltr'><strong>titulo</strong></span> <span class='ocrx_word' id='word_1_38' title='bbox 785 829 830 900; x_wconf 73' lang='lat' dir='ltr'><strong>ele</strong></span> <span class='ocrx_word' id='word_1_39' title='bbox 843 834 1015 918; x_wconf 77' lang='lat' dir='ltr'><strong>Parceeir,</strong></span> <span class='ocrx_word' id='word_1_40' title='bbox 1032 833 1254 929; x_wconf 80' lang='lat' dir='ltr'><strong>presbyteris</strong></span> 
     </span>
     <span class='ocr_line' id='line_1_6' title="bbox 127 945 1257 1044; baseline 0 -24"><span class='ocrx_word' id='word_1_41' title='bbox 127 965 163 1020; x_wconf 83' lang='lat' dir='ltr'><strong>et</strong></span> <span class='ocrx_word' id='word_1_42' title='bbox 176 947 259 1018; x_wconf 59' lang='lat' dir='ltr'><strong>alni·</strong></span> <span class='ocrx_word' id='word_1_43' title='bbox 282 947 430 1034; x_wconf 75' lang='lat' dir='ltr'><strong>clericis,</strong></span> <span class='ocrx_word' id='word_1_44' title='bbox 461 947 510 1017; x_wconf 82' lang='lat' dir='ltr'><strong>sie&#39;</strong></span> <span class='ocrx_word' id='word_1_45' title='bbox 527 945 629 1018; x_wconf 83' lang='lat' dir='ltr'><strong>habet</strong></span> <span class='ocrx_word' id='word_1_46' title='bbox 644 974 685 1017; x_wconf 73' lang='lat' dir='ltr'><strong>r«</strong></span> <span class='ocrx_word' id='word_1_47' title='bbox 707 949 780 1015; x_wconf 81' lang='lat' dir='ltr'><strong>Hos</strong></span> <span class='ocrx_word' id='word_1_48' title='bbox 797 962 910 1018; x_wconf 85' lang='lat' dir='ltr'><strong>autem</strong></span> <span class='ocrx_word' id='word_1_49' title='bbox 933 963 1089 1018; x_wconf 74' lang='lat' dir='ltr'><strong>rectores</strong></span> <span class='ocrx_word' id='word_1_50' title='bbox 1103 949 1257 1044; x_wconf 77' lang='lat' dir='ltr'><strong>aliosque</strong></span> 
     </span>
     <span class='ocr_line' id='line_1_7' title="bbox 128 1059 1259 1158; baseline 0.001 -25"><span class='ocrx_word' id='word_1_51' title='bbox 128 1085 278 1133; x_wconf 76' lang='lat' dir='ltr'><strong>«ornnes</strong></span> <span class='ocrx_word' id='word_1_52' title='bbox 303 1063 517 1158; x_wconf 77' lang='lat' dir='ltr'><strong>presbyteros</strong></span> <span class='ocrx_word' id='word_1_53' title='bbox 550 1076 617 1130; x_wconf 84' lang='lat' dir='ltr'><strong>tum</strong></span> <span class='ocrx_word' id='word_1_54' title='bbox 645 1059 819 1132; x_wconf 80' lang='lat' dir='ltr'><strong>saeeuleres</strong></span> <span class='ocrx_word' id='word_1_55' title='bbox 842 1087 943 1156; x_wconf 86' lang='lat' dir='ltr'><strong>quam</strong></span> <span class='ocrx_word' id='word_1_56' title='bbox 975 1063 1185 1158; x_wconf 84' lang='lat' dir='ltr'><strong>regulares...</strong></span> <span class='ocrx_word' id='word_1_57' title='bbox 1208 1065 1259 1136; x_wconf 81' lang='lat' dir='ltr'><strong>ad.</strong></span> 
     </span>
     <span class='ocr_line' id='line_1_8' title="bbox 129 1176 1251 1272; baseline 0.004 -29"><span class='ocrx_word' id='word_1_58' title='bbox 129 1180 261 1248; x_wconf 74' lang='lat' dir='ltr'><strong>«horas</strong></span> <span class='ocrx_word' id='word_1_59' title='bbox 277 1177 458 1247; x_wconf 83' lang='lat' dir='ltr'><strong>canonieus</strong></span> <span class='ocrx_word' id='word_1_60' title='bbox 477 1176 621 1272; x_wconf 83' lang='lat' dir='ltr'><strong>singulis·</strong></span> <span class='ocrx_word' id='word_1_61' title='bbox 641 1177 760 1246; x_wconf 88' lang='lat' dir='ltr'><strong>diebus</strong></span> <span class='ocrx_word' id='word_1_62' title='bbox 777 1176 980 1269; x_wconf 76' lang='lat' dir='ltr'><strong>recitandas,</strong></span> <span class='ocrx_word' id='word_1_63' title='bbox 999 1179 1042 1248; x_wconf 86' lang='lat' dir='ltr'><strong>ud</strong></span> <span class='ocrx_word' id='word_1_64' title='bbox 1058 1203 1155 1248; x_wconf 87' lang='lat' dir='ltr'><strong>usum</strong></span> <span class='ocrx_word' id='word_1_65' title='bbox 1173 1181 1251 1250; x_wconf 85' lang='lat' dir='ltr'><strong>bre·</strong></span> 
     </span>
     <span class='ocr_line' id='line_1_9' title="bbox 128 1290 1256 1383; baseline 0 -25"><span class='ocrx_word' id='word_1_66' title='bbox 128 1324 143 1358; x_wconf 76' lang='grc' dir='ltr'><strong>α</strong></span> <span class='ocrx_word' id='word_1_67' title='bbox 161 1295 258 1363; x_wconf 77' lang='lat' dir='ltr'><strong>viar-ii</strong></span> <span class='ocrx_word' id='word_1_68' title='bbox 279 1292 419 1362; x_wconf 87' lang='lat' dir='ltr'><strong>decreto</strong></span> <span class='ocrx_word' id='word_1_69' title='bbox 435 1290 568 1362; x_wconf 84' lang='lat' dir='ltr'><strong>concilii</strong></span> <span class='ocrx_word' id='word_1_70' title='bbox 585 1291 777 1362; x_wconf 85' lang='lat' dir='ltr'><strong>Tridentini</strong></span> <span class='ocrx_word' id='word_1_71' title='bbox 793 1291 887 1383; x_wconf 91' lang='lat' dir='ltr'><strong>editi,</strong></span> <span class='ocrx_word' id='word_1_72' title='bbox 903 1292 955 1364; x_wconf 89' lang='lat' dir='ltr'><strong>vel</strong></span> <span class='ocrx_word' id='word_1_73' title='bbox 973 1317 1109 1366; x_wconf 84' lang='lat' dir='ltr'><strong>suarum</strong></span> <span class='ocrx_word' id='word_1_74' title='bbox 1128 1293 1256 1364; x_wconf 55' lang='lat' dir='ltr'><strong>diesne,</strong></span> 
     </span>
     <span class='ocr_line' id='line_1_10' title="bbox 130 1407 1256 1504; baseline 0.004 -32"><span class='ocrx_word' id='word_1_75' title='bbox 130 1433 238 1478; x_wconf 78' lang='lat' dir='ltr'><strong>asum</strong></span> <span class='ocrx_word' id='word_1_76' title='bbox 254 1433 400 1503; x_wconf 87' lang='lat' dir='ltr'><strong>quorum</strong></span> <span class='ocrx_word' id='word_1_77' title='bbox 425 1433 505 1478; x_wconf 83' lang='lat' dir='ltr'><strong>usus</strong></span> <span class='ocrx_word' id='word_1_78' title='bbox 528 1423 607 1477; x_wconf 83' lang='lat' dir='ltr'><strong>unte</strong></span> <span class='ocrx_word' id='word_1_79' title='bbox 629 1407 792 1477; x_wconf 85' lang='lat' dir='ltr'><strong>ducentos</strong></span> <span class='ocrx_word' id='word_1_80' title='bbox 817 1433 924 1477; x_wconf 74' lang='lat' dir='ltr'><strong>atinus</strong></span> <span class='ocrx_word' id='word_1_81' title='bbox 950 1407 1125 1504; x_wconf 86' lang='lat' dir='ltr'><strong>probatus¹</strong></span> <span class='ocrx_word' id='word_1_82' title='bbox 1143 1409 1198 1500; x_wconf 83' lang='lat' dir='ltr'><strong>sit,</strong></span> <span class='ocrx_word' id='word_1_83' title='bbox 1219 1434 1256 1478; x_wconf 88' lang='lat' dir='ltr'><strong>se</strong></span> 
     </span>
     <span class='ocr_line' id='line_1_11' title="bbox 130 1520 1257 1620; baseline 0.004 -32"><span class='ocrx_word' id='word_1_84' title='bbox 130 1521 318 1618; x_wconf 65' lang='lat' dir='ltr'><strong>«obligari,</strong></span> <span class='ocrx_word' id='word_1_85' title='bbox 339 1525 402 1593; x_wconf 91' lang='lat' dir='ltr'><strong>sub</strong></span> <span class='ocrx_word' id='word_1_86' title='bbox 421 1547 520 1618; x_wconf 84' lang='lat' dir='ltr'><strong>poena</strong></span> <span class='ocrx_word' id='word_1_87' title='bbox 542 1523 745 1620; x_wconf 74' lang='lat' dir='ltr'><strong>privationis</strong></span> <span class='ocrx_word' id='word_1_88' title='bbox 763 1523 916 1591; x_wconf 89' lang='lat' dir='ltr'><strong>omnium</strong></span> <span class='ocrx_word' id='word_1_89' title='bbox 935 1520 1106 1594; x_wconf 83' lang='lat' dir='ltr'><strong>fruetuum</strong></span> <span class='ocrx_word' id='word_1_90' title='bbox 1129 1522 1257 1592; x_wconf 80' lang='lat' dir='ltr'><strong>bonest-</strong></span> 
     </span>
     <span class='ocr_line' id='line_1_12' title="bbox 131 1637 1254 1734; baseline 0.004 -29"><span class='ocrx_word' id='word_1_91' title='bbox 131 1670 145 1703; x_wconf 69' lang='lat' dir='ltr'><strong>a</strong></span> <span class='ocrx_word' id='word_1_92' title='bbox 161 1640 292 1708; x_wconf 86' lang='lat' dir='ltr'><strong>ciorum</strong></span> <span class='ocrx_word' id='word_1_93' title='bbox 310 1663 373 1734; x_wconf 88' lang='lat' dir='ltr'><strong>per</strong></span> <span class='ocrx_word' id='word_1_94' title='bbox 387 1664 445 1708; x_wconf 86' lang='lat' dir='ltr'><strong>eos</strong></span> <span class='ocrx_word' id='word_1_95' title='bbox 459 1661 801 1734; x_wconf 71' lang='lat' dir='ltr'><strong>possessorum„quos</strong></span> <span class='ocrx_word' id='word_1_96' title='bbox 818 1637 919 1706; x_wconf 83' lang='lat' dir='ltr'><strong>etiam</strong></span> <span class='ocrx_word' id='word_1_97' title='bbox 937 1657 1015 1707; x_wconf 82' lang='lat' dir='ltr'><strong>suos</strong></span> <span class='ocrx_word' id='word_1_98' title='bbox 1024 1639 1121 1732; x_wconf 84' lang='lat' dir='ltr'><strong>juxta</strong></span> <span class='ocrx_word' id='word_1_99' title='bbox 1138 1664 1254 1710; x_wconf 86' lang='lat' dir='ltr'><strong>suero·</strong></span> 
     </span>
     <span class='ocr_line' id='line_1_13' title="bbox 130 1750 1257 1848; baseline 0.005 -30"><span class='ocrx_word' id='word_1_100' title='bbox 130 1783 145 1818; x_wconf 74' lang='lat' dir='ltr'><strong>n</strong></span> <span class='ocrx_word' id='word_1_101' title='bbox 164 1779 240 1823; x_wconf 84' lang='lat' dir='ltr'><strong>rum</strong></span> <span class='ocrx_word' id='word_1_102' title='bbox 260 1777 450 1841; x_wconf 80' lang='lat' dir='ltr'><strong>canonum,</strong></span> <span class='ocrx_word' id='word_1_103' title='bbox 461 1755 644 1848; x_wconf 62' lang='lat' dir='ltr'><strong>presertim</strong></span> <span class='ocrx_word' id='word_1_104' title='bbox 658 1750 791 1822; x_wconf 81' lang='lat' dir='ltr'><strong>concilii</strong></span> <span class='ocrx_word' id='word_1_105' title='bbox 806 1753 1054 1841; x_wconf 76' lang='lat' dir='ltr'><strong>lateranensis,</strong></span> <span class='ocrx_word' id='word_1_106' title='bbox 1064 1754 1209 1842; x_wconf 81' lang='lat' dir='ltr'><strong>decreta,</strong></span> <span class='ocrx_word' id='word_1_107' title='bbox 1220 1771 1257 1824; x_wconf 84' lang='lat' dir='ltr'><strong>et</strong></span> 
     </span>
     <span class='ocr_line' id='line_1_14' title="bbox 130 1869 1260 1964; baseline 0.006 -31"><span class='ocrx_word' id='word_1_108' title='bbox 130 1898 145 1933; x_wconf 76' lang='lat' dir='ltr'><strong>a</strong></span> <span class='ocrx_word' id='word_1_109' title='bbox 163 1871 214 1938; x_wconf 91' lang='lat' dir='ltr'><strong>Pii</strong></span> <span class='ocrx_word' id='word_1_110' title='bbox 235 1871 344 1962; x_wconf 88' lang='lat' dir='ltr'><strong>quinti</strong></span> <span class='ocrx_word' id='word_1_111' title='bbox 357 1869 633 1940; x_wconf 85' lang='lat' dir='ltr'><strong>constitutionem</strong></span> <span class='ocrx_word' id='word_1_112' title='bbox 649 1870 845 1939; x_wconf 85' lang='lat' dir='ltr'><strong>facerenun</strong></span> <span class='ocrx_word' id='word_1_113' title='bbox 862 1893 980 1964; x_wconf 81' lang='lat' dir='ltr'><strong>posse3</strong></span> <span class='ocrx_word' id='word_1_114' title='bbox 993 1870 1061 1940; x_wconf 88' lang='lat' dir='ltr'><strong>imo</strong></span> <span class='ocrx_word' id='word_1_115' title='bbox 1080 1870 1125 1938; x_wconf 84' lang='lat' dir='ltr'><strong>ad</strong></span> <span class='ocrx_word' id='word_1_116' title='bbox 1137 1895 1260 1940; x_wconf 84' lang='lat' dir='ltr'><strong>eorum</strong></span> 
     </span>
     <span class='ocr_line' id='line_1_15' title="bbox 129 1983 1255 2080; baseline 0.007 -32"><span class='ocrx_word' id='word_1_117' title='bbox 129 2015 144 2048; x_wconf 71' lang='lat' dir='ltr'><strong>n</strong></span> <span class='ocrx_word' id='word_1_118' title='bbox 162 1984 412 2054; x_wconf 76' lang='lat' dir='ltr'><strong>restitutionem</strong></span> <span class='ocrx_word' id='word_1_119' title='bbox 425 1984 545 2076; x_wconf 85' lang='lat' dir='ltr'><strong>teneri,</strong></span> <span class='ocrx_word' id='word_1_120' title='bbox 555 1983 775 2055; x_wconf 77' lang='lat' dir='ltr'><strong>declaramus.</strong></span> <span class='ocrx_word' id='word_1_121' title='bbox 786 2009 802 2050; x_wconf 81' lang='lat' dir='ltr'><strong>r</strong></span> <span class='ocrx_word' id='word_1_122' title='bbox 812 1983 933 2080; x_wconf 67' lang='lat' dir='ltr'><strong>(Apud</strong></span> <span class='ocrx_word' id='word_1_123' title='bbox 946 1983 1121 2079; x_wconf 87' lang='lat' dir='ltr'><strong>Odespun,</strong></span> <span class='ocrx_word' id='word_1_124' title='bbox 1133 1987 1255 2060; x_wconf 80' lang='lat' dir='ltr'><strong>Novis-</strong></span> 
     </span>
     <span class='ocr_line' id='line_1_16' title="bbox 130 2095 736 2195; baseline 0.003 -27"><span class='ocrx_word' id='word_1_125' title='bbox 130 2100 212 2168; x_wconf 88' lang='lat' dir='ltr'><strong>sima</strong></span> <span class='ocrx_word' id='word_1_126' title='bbox 231 2097 373 2170; x_wconf 83' lang='lat' dir='ltr'><strong>concilia</strong></span> <span class='ocrx_word' id='word_1_127' title='bbox 390 2097 520 2189; x_wconf 75' lang='lat' dir='ltr'><strong>Galliae,</strong></span> <span class='ocrx_word' id='word_1_128' title='bbox 538 2123 615 2195; x_wconf 80' lang='lat' dir='ltr'><strong>pag.</strong></span> <span class='ocrx_word' id='word_1_129' title='bbox 638 2095 736 2191; x_wconf 76' lang='lat'>355.)</span> 
     </span>
    </p>

    <p class='ocr_par' dir='ltr' id='par_1_4' title="bbox 97 2210 1263 4074">
     <span class='ocr_line' id='line_1_17' title="bbox 177 2210 1257 2308; baseline -0.001 -23"><span class='ocrx_word' id='word_1_130' title='bbox 177 2213 369 2285; x_wconf 82' lang='lat' dir='ltr'><strong>Concilium</strong></span> <span class='ocrx_word' id='word_1_131' title='bbox 396 2219 570 2286; x_wconf 80' lang='lat' dir='ltr'><strong>Remeuse·</strong></span> <span class='ocrx_word' id='word_1_132' title='bbox 584 2215 665 2284; x_wconf 90' lang='lat' dir='ltr'><strong>anni</strong></span> <span class='ocrx_word' id='word_1_133' title='bbox 693 2210 809 2284; x_wconf 75' lang='lat'>15832</span> <span class='ocrx_word' id='word_1_134' title='bbox 830 2216 973 2283; x_wconf 77' lang='lat' dir='ltr'><strong>«Porro</strong></span> <span class='ocrx_word' id='word_1_135' title='bbox 992 2215 1155 2308; x_wconf 86' lang='lat' dir='ltr'><strong>quoniam</strong></span> <span class='ocrx_word' id='word_1_136' title='bbox 1180 2240 1257 2286; x_wconf 89' lang='lat' dir='ltr'><strong>om·</strong></span> 
     </span>
     <span class='ocr_line' id='line_1_18' title="bbox 97 2327 1259 2426; baseline 0.003 -30"><span class='ocrx_word' id='word_1_137' title='bbox 97 2345 101 2352; x_wconf 85' lang='lat'>&#39;</span> <span class='ocrx_word' id='word_1_138' title='bbox 130 2361 147 2396; x_wconf 76' lang='lat' dir='ltr'><strong>n</strong></span> <span class='ocrx_word' id='word_1_139' title='bbox 165 2355 225 2400; x_wconf 89' lang='lat' dir='ltr'><strong>nes</strong></span> <span class='ocrx_word' id='word_1_140' title='bbox 239 2331 325 2399; x_wconf 83' lang='lat' dir='ltr'><strong>ritus</strong></span> <span class='ocrx_word' id='word_1_141' title='bbox 335 2328 553 2424; x_wconf 79' lang='lat' dir='ltr'><strong>formulaeque</strong></span> <span class='ocrx_word' id='word_1_142' title='bbox 566 2329 728 2425; x_wconf 82' lang='lat' dir='ltr'><strong>precandi</strong></span> <span class='ocrx_word' id='word_1_143' title='bbox 755 2328 936 2417; x_wconf 75' lang='lat' dir='ltr'><strong>breviario,</strong></span> <span class='ocrx_word' id='word_1_144' title='bbox 959 2327 1095 2418; x_wconf 77' lang='lat' dir='ltr'><strong>missali,</strong></span> <span class='ocrx_word' id='word_1_145' title='bbox 1112 2346 1146 2402; x_wconf 87' lang='lat' dir='ltr'><strong>et</strong></span> <span class='ocrx_word' id='word_1_146' title='bbox 1154 2356 1259 2426; x_wconf 78' lang='lat' dir='ltr'><strong>egeu-</strong></span> 
     </span>
     <span class='ocr_line' id='line_1_19' title="bbox 129 2443 1259 2539; baseline 0 -25"><span class='ocrx_word' id='word_1_147' title='bbox 129 2477 146 2514; x_wconf 75' lang='grc' dir='ltr'><strong><em>α</em></strong></span> <span class='ocrx_word' id='word_1_148' title='bbox 165 2447 218 2517; x_wconf 88' lang='lat' dir='ltr'><strong>dis</strong></span> <span class='ocrx_word' id='word_1_149' title='bbox 233 2471 292 2518; x_wconf 89' lang='lat' dir='ltr'><strong>seu</strong></span> <span class='ocrx_word' id='word_1_150' title='bbox 305 2445 458 2517; x_wconf 84' lang='lat' dir='ltr'><strong>rnanuali·</strong></span> <span class='ocrx_word' id='word_1_151' title='bbox 470 2445 709 2535; x_wconf 84' lang='lat' dir='ltr'><strong>continentur,</strong></span> <span class='ocrx_word' id='word_1_152' title='bbox 728 2445 908 2514; x_wconf 86' lang='lat' dir='ltr'><strong>hortamur</strong></span> <span class='ocrx_word' id='word_1_153' title='bbox 924 2443 1110 2539; x_wconf 81' lang='lat' dir='ltr'><strong>Episcopus</strong></span> <span class='ocrx_word' id='word_1_154' title='bbox 1137 2461 1259 2514; x_wconf 84' lang='lat' dir='ltr'><strong>nostrae</strong></span> 
     </span>
     <span class='ocr_line' id='line_1_20' title="bbox 128 2557 1260 2658; baseline -0.001 -28"><span class='ocrx_word' id='word_1_155' title='bbox 128 2594 146 2630; x_wconf 76' lang='lat' dir='ltr'><strong>e</strong></span> <span class='ocrx_word' id='word_1_156' title='bbox 165 2563 345 2658; x_wconf 71' lang='lat' dir='ltr'><strong>provincia</strong></span> <span class='ocrx_word' id='word_1_157' title='bbox 364 2578 403 2632; x_wconf 85' lang='lat' dir='ltr'><strong>ut</strong></span> <span class='ocrx_word' id='word_1_158' title='bbox 421 2560 580 2632; x_wconf 80' lang='lat' dir='ltr'><strong>adhibitis</strong></span> <span class='ocrx_word' id='word_1_159' title='bbox 597 2557 730 2647; x_wconf 86' lang='lat' dir='ltr'><strong>saltem,</strong></span> <span class='ocrx_word' id='word_1_160' title='bbox 748 2558 881 2628; x_wconf 88' lang='lat' dir='ltr'><strong>duobus</strong></span> <span class='ocrx_word' id='word_1_161' title='bbox 904 2559 1091 2650; x_wconf 82' lang='lat' dir='ltr'><strong>canonicis,</strong></span> <span class='ocrx_word' id='word_1_162' title='bbox 1111 2583 1260 2654; x_wconf 87' lang='lat' dir='ltr'><strong>quorum</strong></span> 
     </span>
     <span class='ocr_line' id='line_1_21' title="bbox 131 2670 1260 2773; baseline -0.003 -28"><span class='ocrx_word' id='word_1_163' title='bbox 131 2711 147 2745; x_wconf 75' lang='grc' dir='ltr'><strong>α</strong></span> <span class='ocrx_word' id='word_1_164' title='bbox 168 2703 256 2750; x_wconf 88' lang='lat' dir='ltr'><strong>unus</strong></span> <span class='ocrx_word' id='word_1_165' title='bbox 272 2679 314 2747; x_wconf 91' lang='lat' dir='ltr'><strong>ab</strong></span> <span class='ocrx_word' id='word_1_166' title='bbox 329 2677 511 2773; x_wconf 82' lang='lat' dir='ltr'><strong>Episcopo,</strong></span> <span class='ocrx_word' id='word_1_167' title='bbox 522 2674 608 2744; x_wconf 87' lang='lat' dir='ltr'><strong>alter</strong></span> <span class='ocrx_word' id='word_1_168' title='bbox 627 2699 648 2742; x_wconf 87' lang='lat' dir='ltr'><strong>a</strong></span> <span class='ocrx_word' id='word_1_169' title='bbox 670 2671 817 2768; x_wconf 89' lang='lat' dir='ltr'><strong>capitulo</strong></span> <span class='ocrx_word' id='word_1_170' title='bbox 834 2670 991 2766; x_wconf 84' lang='lat' dir='ltr'><strong>eligatur,</strong></span> <span class='ocrx_word' id='word_1_171' title='bbox 1011 2671 1193 2768; x_wconf 79' lang='lat' dir='ltr'><strong>diligenter</strong></span> <span class='ocrx_word' id='word_1_172' title='bbox 1207 2673 1260 2742; x_wconf 90' lang='lat' dir='ltr'><strong>in·</strong></span> 
     </span>
     <span class='ocr_line' id='line_1_22' title="bbox 129 2786 1259 2892; baseline -0.004 -30"><span class='ocrx_word' id='word_1_173' title='bbox 129 2827 146 2862; x_wconf 74' lang='lat' dir='ltr'><strong>a</strong></span> <span class='ocrx_word' id='word_1_174' title='bbox 164 2798 310 2892; x_wconf 86' lang='lat' dir='ltr'><strong>spiciaut</strong></span> <span class='ocrx_word' id='word_1_175' title='bbox 332 2799 367 2863; x_wconf 88' lang='lat' dir='ltr'><strong>et</strong></span> <span class='ocrx_word' id='word_1_176' title='bbox 387 2790 582 2862; x_wconf 81' lang='lat' dir='ltr'><strong>examinent</strong></span> <span class='ocrx_word' id='word_1_177' title='bbox 610 2788 805 2883; x_wconf 85' lang='lat' dir='ltr'><strong>hujusmodi</strong></span> <span class='ocrx_word' id='word_1_178' title='bbox 834 2787 938 2858; x_wconf 89' lang='lat' dir='ltr'><strong>libros</strong></span> <span class='ocrx_word' id='word_1_179' title='bbox 963 2786 1094 2882; x_wconf 82' lang='lat' dir='ltr'><strong>illisque</strong></span> <span class='ocrx_word' id='word_1_180' title='bbox 1124 2787 1259 2877; x_wconf 88' lang='lat' dir='ltr'><strong>similes,</strong></span> 
     </span>
     <span class='ocr_line' id='line_1_23' title="bbox 129 2903 1259 3006; baseline -0.004 -28"><span class='ocrx_word' id='word_1_181' title='bbox 129 2942 148 2978; x_wconf 75' lang='lat' dir='ltr'><strong>e</strong></span> <span class='ocrx_word' id='word_1_182' title='bbox 163 2915 251 2982; x_wconf 88' lang='lat' dir='ltr'><strong>sieut</strong></span> <span class='ocrx_word' id='word_1_183' title='bbox 273 2908 425 3006; x_wconf 76' lang='lat' dir='ltr'><strong>preculas</strong></span> <span class='ocrx_word' id='word_1_184' title='bbox 448 2907 618 2995; x_wconf 80' lang='lat' dir='ltr'><strong>horarias3</strong></span> <span class='ocrx_word' id='word_1_185' title='bbox 646 2929 689 2975; x_wconf 88' lang='lat' dir='ltr'><strong>ne</strong></span> <span class='ocrx_word' id='word_1_186' title='bbox 714 2903 799 2998; x_wconf 92' lang='lat' dir='ltr'><strong>quid</strong></span> <span class='ocrx_word' id='word_1_187' title='bbox 824 2904 1024 2974; x_wconf 85' lang='lat' dir='ltr'><strong>ooutiueaut</strong></span> <span class='ocrx_word' id='word_1_188' title='bbox 1050 2904 1259 2976; x_wconf 83' lang='lat' dir='ltr'><strong>eontrarium</strong></span> 
     </span>
     <span class='ocr_line' id='line_1_24' title="bbox 130 3019 1262 3106; baseline -0.004 -14"><span class='ocrx_word' id='word_1_189' title='bbox 130 3057 147 3092; x_wconf 77' lang='lat' dir='ltr'><strong>n</strong></span> <span class='ocrx_word' id='word_1_190' title='bbox 167 3027 329 3097; x_wconf 88' lang='lat' dir='ltr'><strong>doetrinae</strong></span> <span class='ocrx_word' id='word_1_191' title='bbox 346 3022 519 3095; x_wconf 82' lang='lat' dir='ltr'><strong>catholicae</strong></span> <span class='ocrx_word' id='word_1_192' title='bbox 546 3038 580 3092; x_wconf 90' lang='lat' dir='ltr'><strong>et</strong></span> <span class='ocrx_word' id='word_1_193' title='bbox 606 3021 692 3090; x_wconf 78' lang='lat' dir='ltr'><strong>veris</strong></span> <span class='ocrx_word' id='word_1_194' title='bbox 721 3019 868 3089; x_wconf 85' lang='lat' dir='ltr'><strong>historiis</strong></span> <span class='ocrx_word' id='word_1_195' title='bbox 888 3031 1098 3106; x_wconf 81' lang='lat' dir='ltr'><strong>sanctorum,</strong></span> <span class='ocrx_word' id='word_1_196' title='bbox 1123 3035 1183 3090; x_wconf 87' lang='lat' dir='ltr'><strong>aut</strong></span> <span class='ocrx_word' id='word_1_197' title='bbox 1207 3045 1262 3090; x_wconf 87' lang='lat' dir='ltr'><strong>su·</strong></span> 
     </span>
     <span class='ocr_line' id='line_1_25' title="bbox 130 3131 1262 3238; baseline 0 -31"><span class='ocrx_word' id='word_1_198' title='bbox 130 3171 146 3207; x_wconf 78' lang='lat' dir='ltr'><strong>n</strong></span> <span class='ocrx_word' id='word_1_199' title='bbox 165 3139 422 3238; x_wconf 86' lang='lat' dir='ltr'><strong>perstitiouibus</strong></span> <span class='ocrx_word' id='word_1_200' title='bbox 442 3137 557 3226; x_wconf 87' lang='lat' dir='ltr'><strong>affine,</strong></span> <span class='ocrx_word' id='word_1_201' title='bbox 580 3150 640 3206; x_wconf 88' lang='lat' dir='ltr'><strong>aut</strong></span> <span class='ocrx_word' id='word_1_202' title='bbox 657 3133 749 3230; x_wconf 89' lang='lat' dir='ltr'><strong>quod</strong></span> <span class='ocrx_word' id='word_1_203' title='bbox 767 3133 880 3228; x_wconf 88' lang='lat' dir='ltr'><strong>aliqua</strong></span> <span class='ocrx_word' id='word_1_204' title='bbox 896 3135 1028 3204; x_wconf 85' lang='lat' dir='ltr'><strong>ratione</strong></span> <span class='ocrx_word' id='word_1_205' title='bbox 1050 3131 1262 3228; x_wconf 84' lang='lat' dir='ltr'><strong>disciplinam</strong></span> 
     </span>
     <span class='ocr_line' id='line_1_26' title="bbox 133 3252 1263 3349; baseline -0.004 -23"><span class='ocrx_word' id='word_1_206' title='bbox 133 3291 149 3326; x_wconf 79' lang='grc' dir='ltr'><strong>ιι</strong></span> <span class='ocrx_word' id='word_1_207' title='bbox 169 3258 427 3331; x_wconf 80' lang='lat' dir='ltr'><strong>eeclesiasticam</strong></span> <span class='ocrx_word' id='word_1_208' title='bbox 443 3279 645 3349; x_wconf 88' lang='lat' dir='ltr'><strong>morumque</strong></span> <span class='ocrx_word' id='word_1_209' title='bbox 657 3253 861 3349; x_wconf 81' lang='lat' dir='ltr'><strong>probitatem</strong></span> <span class='ocrx_word' id='word_1_210' title='bbox 870 3252 1070 3324; x_wconf 74' lang='lat' dir='ltr'><strong>labefactet:</strong></span> <span class='ocrx_word' id='word_1_211' title='bbox 1085 3269 1189 3347; x_wconf 86' lang='lat' dir='ltr'><strong>atque</strong></span> <span class='ocrx_word' id='word_1_212' title='bbox 1203 3255 1263 3324; x_wconf 91' lang='lat' dir='ltr'><strong>ubi</strong></span> 
     </span>
     <span class='ocr_line' id='line_1_27' title="bbox 129 3365 1259 3472; baseline -0.005 -30"><span class='ocrx_word' id='word_1_213' title='bbox 129 3407 145 3442; x_wconf 77' lang='lat' dir='ltr'><strong>a</strong></span> <span class='ocrx_word' id='word_1_214' title='bbox 165 3375 331 3472; x_wconf 81' lang='lat' dir='ltr'><strong>indigesta</strong></span> <span class='ocrx_word' id='word_1_215' title='bbox 352 3375 532 3466; x_wconf 86' lang='lat' dir='ltr'><strong>minusque</strong></span> <span class='ocrx_word' id='word_1_216' title='bbox 552 3371 668 3466; x_wconf 84' lang='lat' dir='ltr'><strong>pietati</strong></span> <span class='ocrx_word' id='word_1_217' title='bbox 687 3391 835 3438; x_wconf 80' lang='lat' dir='ltr'><strong>consona</strong></span> <span class='ocrx_word' id='word_1_218' title='bbox 852 3368 1018 3438; x_wconf 84' lang='lat' dir='ltr'><strong>breviaria</strong></span> <span class='ocrx_word' id='word_1_219' title='bbox 1043 3365 1096 3437; x_wconf 85' lang='lat' dir='ltr'><strong>vel</strong></span> <span class='ocrx_word' id='word_1_220' title='bbox 1115 3367 1259 3438; x_wconf 84' lang='lat' dir='ltr'><strong>missalia</strong></span> 
     </span>
     <span class='ocr_line' id='line_1_28' title="bbox 131 3480 1262 3588; baseline -0.006 -32"><span class='ocrx_word' id='word_1_221' title='bbox 131 3521 147 3556; x_wconf 79' lang='lat' dir='ltr'><strong>n</strong></span> <span class='ocrx_word' id='word_1_222' title='bbox 166 3491 364 3588; x_wconf 71' lang='lat' dir='ltr'><strong>repererint,</strong></span> <span class='ocrx_word' id='word_1_223' title='bbox 390 3501 513 3559; x_wconf 82' lang='lat' dir='ltr'><strong>curent</strong></span> <span class='ocrx_word' id='word_1_224' title='bbox 529 3484 779 3582; x_wconf 83' lang='lat' dir='ltr'><strong>quamprimum</strong></span> <span class='ocrx_word' id='word_1_225' title='bbox 798 3497 832 3550; x_wconf 84' lang='lat' dir='ltr'><strong>et</strong></span> <span class='ocrx_word' id='word_1_226' title='bbox 845 3481 1101 3578; x_wconf 78' lang='lat' dir='ltr'><strong>quamproxime</strong></span> <span class='ocrx_word' id='word_1_227' title='bbox 1116 3480 1189 3552; x_wconf 87' lang='lat' dir='ltr'><strong>fieri</strong></span> <span class='ocrx_word' id='word_1_228' title='bbox 1202 3508 1262 3577; x_wconf 90' lang='lat' dir='ltr'><strong>po-</strong></span> 
     </span>
     <span class='ocr_line' id='line_1_29' title="bbox 131 3596 1258 3693; baseline -0.005 -21"><span class='ocrx_word' id='word_1_229' title='bbox 131 3639 147 3672; x_wconf 81' lang='lat' dir='ltr'><strong>n</strong></span> <span class='ocrx_word' id='word_1_230' title='bbox 171 3607 265 3693; x_wconf 85' lang='lat' dir='ltr'><strong>terit,</strong></span> <span class='ocrx_word' id='word_1_231' title='bbox 286 3605 329 3674; x_wconf 91' lang='lat' dir='ltr'><strong>ad</strong></span> <span class='ocrx_word' id='word_1_232' title='bbox 358 3626 455 3674; x_wconf 83' lang='lat' dir='ltr'><strong>usum</strong></span> <span class='ocrx_word' id='word_1_233' title='bbox 486 3600 632 3672; x_wconf 84' lang='lat' dir='ltr'><strong>eeclesiae</strong></span> <span class='ocrx_word' id='word_1_234' title='bbox 658 3601 833 3685; x_wconf 73' lang='lat' dir='ltr'><strong>Romanae,</strong></span> <span class='ocrx_word' id='word_1_235' title='bbox 854 3596 950 3692; x_wconf 76' lang='lat' dir='ltr'><strong>juxta</strong></span> <span class='ocrx_word' id='word_1_236' title='bbox 982 3597 1258 3668; x_wconf 84' lang='lat' dir='ltr'><strong>constitutionem</strong></span> 
     </span>
     <span class='ocr_line' id='line_1_30' title="bbox 131 3712 1257 3811; baseline -0.012 -19"><span class='ocrx_word' id='word_1_237' title='bbox 131 3724 229 3811; x_wconf 80' lang='lat' dir='ltr'><strong>«Pii,</strong></span> <span class='ocrx_word' id='word_1_238' title='bbox 248 3725 280 3792; x_wconf 85' lang='lat' dir='ltr'>V</span> <span class='ocrx_word' id='word_1_239' title='bbox 299 3719 476 3792; x_wconf 85' lang='lat' dir='ltr'><strong>reformari</strong></span> <span class='ocrx_word' id='word_1_240' title='bbox 490 3732 523 3787; x_wconf 82' lang='lat' dir='ltr'><strong>et</strong></span> <span class='ocrx_word' id='word_1_241' title='bbox 540 3717 573 3785; x_wconf 89' lang='lat' dir='ltr'><strong>in</strong></span> <span class='ocrx_word' id='word_1_242' title='bbox 594 3715 703 3786; x_wconf 87' lang='lat' dir='ltr'><strong>luuem</strong></span> <span class='ocrx_word' id='word_1_243' title='bbox 724 3714 847 3803; x_wconf 85' lang='lat' dir='ltr'><strong>emitti,</strong></span> <span class='ocrx_word' id='word_1_244' title='bbox 872 3713 1034 3807; x_wconf 88' lang='lat' dir='ltr'><strong>impensis</strong></span> <span class='ocrx_word' id='word_1_245' title='bbox 1058 3712 1220 3784; x_wconf 87' lang='lat' dir='ltr'><strong>dioecesis.</strong></span> <span class='ocrx_word' id='word_1_246' title='bbox 1240 3743 1257 3778; x_wconf 75' lang='lat' dir='ltr'><strong>u</strong></span> 
     </span>
     <span class='ocr_line' id='line_1_31' title="bbox 135 3826 1260 3936; baseline -0.01 -27"><span class='ocrx_word' id='word_1_247' title='bbox 135 3841 288 3936; x_wconf 79' lang='lat' dir='ltr'><strong>(Deerat.</strong></span> <span class='ocrx_word' id='word_1_248' title='bbox 301 3836 342 3905; x_wconf 90' lang='lat' dir='ltr'><strong>de</strong></span> <span class='ocrx_word' id='word_1_249' title='bbox 357 3834 537 3922; x_wconf 84' lang='lat' dir='ltr'><strong>breviario,</strong></span> <span class='ocrx_word' id='word_1_250' title='bbox 548 3829 675 3905; x_wconf 75' lang='lat' dir='ltr'><strong>missali</strong></span> <span class='ocrx_word' id='word_1_251' title='bbox 688 3826 957 3901; x_wconf 78' lang='lat' dir='ltr'><strong>ete-Concilia</strong></span> <span class='ocrx_word' id='word_1_252' title='bbox 970 3827 1151 3921; x_wconf 83' lang='lat' dir='ltr'><strong>Ilarduini,</strong></span> <span class='ocrx_word' id='word_1_253' title='bbox 1167 3843 1194 3902; x_wconf 88' lang='lat' dir='ltr'><strong>t.</strong></span> <span class='ocrx_word' id='word_1_254' title='bbox 1214 3832 1260 3918; x_wconf 89' lang='lat' dir='ltr'><strong>X,</strong></span> 
     </span>
     <span class='ocr_line' id='line_1_32' title="bbox 131 3951 1094 4074; baseline -0.001 -24"><span class='ocrx_word' id='word_1_255' title='bbox 131 3981 207 4051; x_wconf 69' lang='lat' dir='ltr'><strong>raa·</strong></span> <span class='ocrx_word' id='word_1_256' title='bbox 234 3951 356 4051; x_wconf 74' lang='lat'><strong>¹279·)</strong></span> <span class='ocrx_word' id='word_1_257' title='bbox 1086 4059 1094 4074; x_wconf 50' lang='grc'>,</span> 
     </span>
    </p>

    <p class='ocr_par' dir='ltr' id='par_1_5' title="bbox 134 4055 1263 4506">
     <span class='ocr_line' id='line_1_33' title="bbox 185 4055 1262 4160; baseline -0.012 -19"><span class='ocrx_word' id='word_1_258' title='bbox 185 4067 382 4140; x_wconf 87' lang='lat' dir='ltr'><strong>Concilium</strong></span> <span class='ocrx_word' id='word_1_259' title='bbox 401 4061 644 4160; x_wconf 69' lang='lat' dir='ltr'><strong>burdigalense</strong></span> <span class='ocrx_word' id='word_1_260' title='bbox 668 4059 751 4130; x_wconf 81' lang='lat' dir='ltr'><strong>anui</strong></span> <span class='ocrx_word' id='word_1_261' title='bbox 782 4055 875 4131; x_wconf 81' lang='lat'>1583</span> <span class='ocrx_word' id='word_1_262' title='bbox 902 4083 917 4127; x_wconf 75' lang='grc' dir='ltr'><strong>ε.</strong></span> <span class='ocrx_word' id='word_1_263' title='bbox 941 4058 1152 4148; x_wconf 78' lang='lat' dir='ltr'><strong>eQuontam</strong></span> <span class='ocrx_word' id='word_1_264' title='bbox 1182 4085 1262 4131; x_wconf 91' lang='lat' dir='ltr'><strong>vero</strong></span> 
     </span>
     <span class='ocr_line' id='line_1_34' title="bbox 134 4175 1263 4271; baseline -0.007 -21"><span class='ocrx_word' id='word_1_265' title='bbox 134 4217 149 4250; x_wconf 75' lang='lat' dir='ltr'><strong>n</strong></span> <span class='ocrx_word' id='word_1_266' title='bbox 167 4187 256 4254; x_wconf 90' lang='lat' dir='ltr'><strong>inter</strong></span> <span class='ocrx_word' id='word_1_267' title='bbox 274 4183 390 4252; x_wconf 83' lang='lat' dir='ltr'><strong>divina</strong></span> <span class='ocrx_word' id='word_1_268' title='bbox 406 4179 520 4250; x_wconf 84' lang='lat' dir='ltr'><strong>efficia</strong></span> <span class='ocrx_word' id='word_1_269' title='bbox 532 4199 719 4271; x_wconf 85' lang='lat' dir='ltr'><strong>eorumque</strong></span> <span class='ocrx_word' id='word_1_270' title='bbox 737 4175 822 4244; x_wconf 88' lang='lat' dir='ltr'><strong>ritus</strong></span> <span class='ocrx_word' id='word_1_271' title='bbox 840 4189 873 4246; x_wconf 86' lang='lat' dir='ltr'><strong>et</strong></span> <span class='ocrx_word' id='word_1_272' title='bbox 891 4175 1123 4263; x_wconf 78' lang='lat' dir='ltr'><strong>caeremonias,</strong></span> <span class='ocrx_word' id='word_1_273' title='bbox 1145 4175 1179 4244; x_wconf 91' lang='lat' dir='ltr'><strong>iu</strong></span> <span class='ocrx_word' id='word_1_274' title='bbox 1193 4175 1263 4244; x_wconf 85' lang='lat' dir='ltr'><strong>sin-</strong></span> 
     </span>
     <span class='ocr_line' id='line_1_35' title="bbox 134 4289 1260 4398; baseline -0.008 -32"><span class='ocrx_word' id='word_1_275' title='bbox 134 4299 260 4398; x_wconf 72' lang='lat' dir='ltr'><strong>«gulis</strong></span> <span class='ocrx_word' id='word_1_276' title='bbox 282 4323 374 4394; x_wconf 85' lang='lat' dir='ltr'><strong>paene</strong></span> <span class='ocrx_word' id='word_1_277' title='bbox 391 4297 493 4391; x_wconf 82' lang='lat' dir='ltr'><strong>hujus</strong></span> <span class='ocrx_word' id='word_1_278' title='bbox 512 4292 692 4391; x_wconf 79' lang='lat' dir='ltr'><strong>provineiae</strong></span> <span class='ocrx_word' id='word_1_279' title='bbox 712 4289 908 4361; x_wconf 80' lang='lat' dir='ltr'><strong>dimersibus</strong></span> <span class='ocrx_word' id='word_1_280' title='bbox 928 4315 1052 4388; x_wconf 80' lang='lat' dir='ltr'><strong>magna</strong></span> <span class='ocrx_word' id='word_1_281' title='bbox 1077 4304 1127 4360; x_wconf 83' lang='lat' dir='ltr'><strong>est</strong></span> <span class='ocrx_word' id='word_1_282' title='bbox 1145 4303 1260 4362; x_wconf 84' lang='lat' dir='ltr'><strong>notate</strong></span> 
     </span>
     <span class='ocr_line' id='line_1_36' title="bbox 134 4403 1260 4506; baseline -0.008 -24"><span class='ocrx_word' id='word_1_283' title='bbox 134 4413 357 4506; x_wconf 74' lang='lat' dir='ltr'><strong>arliversitas,</strong></span> <span class='ocrx_word' id='word_1_284' title='bbox 387 4435 450 4482; x_wconf 87' lang='lat' dir='ltr'><strong>nec</strong></span> <span class='ocrx_word' id='word_1_285' title='bbox 478 4410 591 4480; x_wconf 73' lang='lat' dir='ltr'><strong>mittor</strong></span> <span class='ocrx_word' id='word_1_286' title='bbox 616 4429 736 4480; x_wconf 88' lang='lat' dir='ltr'><strong>eorum</strong></span> <span class='ocrx_word' id='word_1_287' title='bbox 764 4405 940 4506; x_wconf 30' lang='lat' dir='ltr'><strong>librorum·</strong></span> <span class='ocrx_word' id='word_1_288' title='bbox 957 4405 1099 4503; x_wconf 68' lang='lat' dir='ltr'><strong>penuria</strong></span> <span class='ocrx_word' id='word_1_289' title='bbox 1135 4403 1260 4500; x_wconf 78' lang='lat' dir='ltr'><strong>existit,</strong></span> 
     </span>
    </p>
   </div>
   <div class='ocr_carea' id='block_1_3' title="bbox 1029 4517 1085 4594">
    <p class='ocr_par' dir='ltr' id='par_1_6' title="bbox 1029 4517 1085 4594">
     <span class='ocr_line' id='line_1_37' title="bbox 1029 4517 1085 4594; baseline 0 -1"><span class='ocrx_word' id='word_1_290' title='bbox 1029 4517 1085 4594; x_wconf 81' lang='lat'><strong>13.</strong></span> 
     </span>
    </p>
   </div>
   <div class='ocr_carea' id='block_1_4' title="bbox 0 0 1501 5076">
    <p class='ocr_par' dir='ltr' id='par_1_7' title="bbox 0 0 1501 5076">
     <span class='ocr_line' id='line_1_38' title="bbox 0 0 1501 5076; baseline 0 0"><span class='ocrx_word' id='word_1_291' title='bbox 0 0 1501 5076; x_wconf 95' lang='lat' dir='ltr'><strong> </strong></span> 
     </span>
    </p>
   </div>
  </div>
 </body>
</html>
