2982 5072
485 375 530 422 ns
554 375 641 423 suan
665 353 872 423 ntronorco.
1172 349 1238 448 ¹37

115 503 248 575 siastica
260 516 417 596 'pmestas
434 501 743 588 subordinetur,en
769 502 873 572 totius
891 500 1100 572 difficultatis
1119 502 1234 572 cardo.

114 620 256 688 Qum
276 633 387 688 antem
409 633 460 688 est
478 617 673 690 alterutram
697 617 794 688 alteri
814 617 1050 708 subordinari,
1067 633 1105 688 ut
1128 643 1167 687 ex
1191 617 1241 687 di·

113 735 178 806 ctis
196 748 349 806 ‘constata
666 743 669 750 ’

163 852 208 919 lis
235 848 457 920 Subonlinari
488 836 720 920 ecclesiasticae
741 847 873 920 civilem
901 863 1101 946 potestatem
1125 848 1239 944 quoad

112 965 274 1034 materias
306 987 382 1058 quse
416 979 594 1058 utramque
625 965 811 1058 attingunt,
846 965 997 1059 rigorose
1022 962 1241 1034 concluditur

113 1105 155 1150 ex
164 1080 338 1149 communi
349 1079 535 1150 'doctorum
555 1077 677 1149 scholae
694 1079 884 1166 sententia,
906 1103 945 1147 ex
966 1077 1068 1146 variis
1081 1076 1240 1146 Ecclesia>

111 1192 445 1285 delinitionibusex·
458 1193 608 1288 ejusdem
620 1193 777 1266 Ecclesiae
793 1193 901 1290 praxi,
921 1208 955 1262 et
968 1218 1006 1262 ex
1023 1192 1090 1260 fine
1106 1193 1241 1284 utrique

112 1311 273 1403 potestati
296 1311 448 1404 proprio.
469 1312 564 1400 Quas
585 1309 802 1404 probationes
823 1313 901 1380 cum
926 1305 1089 1377 fuscalilri
1109 1305 1241 1375 evolva-

114 1447 189 1492 mus
203 1422 254 1516 (in
266 1437 366 1493 tract.
388 1423 431 1492 de
443 1437 609 1518 potestate
621 1423 778 1493 Ecclesiae
796 1422 983 1514 relativejad
1003 1421 1176 1490 societates
1191 1420 1239 1489 ri-

113 1535 224 1632 riles),
241 1538 298 1606 hic
313 1537 509 1608 indicandas
524 1551 656 1609 tautum
676 1537 844 1607 duximus.
864 1537 965 1607 Unde
980 1535 1079 1606 semel
1097 1536 1238 1630 probatu

112 1653 176 1722 lrau
194 1653 368 1722 eitdr'roem
386 1665 555 1747 potestate
573 1649 730 1722 Ecclesiae
744 1653 780 1722 in
803 1677 873 1722 rem
894 1650 1112 1748 temporalem
1130 1649 1237 1719 socie·

114 1780 223 1838 tatum
238 1765 407 1855 civilium,
427 1782 536 1838 totum
554 1766 623 1838 ruit
646 1765 879 1862 regalistarum
897 1781 1149 1861 argumentum,
1167 1787 1239 1858 quo

114 1879 262 1976 liturgiae
295 1879 534 1976 legislationem
556 1881 597 1950 ad
629 1883 798 1976 principes
828 1880 963 1951 trahere
984 1882 1155 1970 nituntur,
1198 1905 1238 1947 ex

114 2019 150 2064 ea
171 1997 305 2066 ratione
322 1995 414 2090 quod
435 1995 570 2092 liturgia
592 2021 661 2064 rcrn
684 1995 817 2064 civilem
842 1996 997 2092 attingat,
1016 2010 1050 2065 et
1072 1995 1238 2090 princeps,

115 2108 147 2178 in
171 2110 319 2204 regenda
346 2133 383 2179 re
409 2109 497 2179 civili
515 2107 757 2204 independens,
785 2108 869 2178 nulli
895 2110 1052 2203 potestati
1081 2107 1240 2178 subordi-

114 2237 225 2294 uetur.

160 2342 227 2410 111.
254 2340 292 2408 Si·
311 2361 391 2410 uera
412 2354 500 2410 essct
528 2338 762 2435 regalistarum
781 2339 1015 2428 ratiocinatio,
1039 2352 1240 2432 sequeretur

115 2451 316 2549 temporales
333 2455 504 2550 principes
520 2477 591 2524 esse
606 2455 639 2524 in
657 2453 726 2524 suis
744 2441 929 2523 ditionibus
946 2477 1121 2548 supremos
1134 2453 1239 2522 totius

113 2567 289 2662 religionis
309 2568 529 2664 regulatores,
544 2593 603 2638 seu
623 2587 900 2663 unumquemque
919 2593 991 2640 esse
1011 2568 1046 2637 in
1067 2593 1129 2638 suo
1144 2569 1242 2638 terri·

114 2684 201 2754 torio
216 2686 356 2778 Papam.
376 2687 460 2754 Nam
484 2683 648 2779 regalistis
674 2680 772 2754 facile
791 2684 1007 2754 concedimus
1029 2709 1050 2754 a
1069 2683 1241 2779 plerisque

115 2800 216 2870 rebus
231 2798 396 2894 liturgicis
415 2814 540 2870 statum
560 2800 691 2870 civilem
713 2799 827 2894 aliquo
843 2801 946 2870 modo
969 2800 1100 2895 attingi.
1120 2797 1238 2888 Quod,

115 2915 208 2984 verbi
230 2915 352 3011 gratia,
370 2912 485 2984 fideles
502 2915 692 2986 adsacrum
710 2913 761 2984 vel
781 2915 824 2983 ad
842 2915 1042 2984 concionem
1069 2914 1104 2981 in
1126 2935 1237 2980 unum

115 3025 227 3098 locum
245 3043 396 3118 coeant,
423 3045 565 3100 uon‘est
584 3031 667 3124 quid
690 3029 733 3100 ad
755 3027 1032 3123 tranquillitatem
1067 3026 1237 3120 publicam

115 3141 325 3217 indifferens.
347 3147 421 3214 lmo
456 3169 503 3216 eae
531 3146 630 3214 etiam
667 3141 813 3238 liturgiae
842 3167 962 3239 praxes
995 3167 1070 3236 quse
1094 3142 1239 3214 maxime

114 3257 348 3328 indifferentes
375 3257 488 3353 quoad
512 3283 582 3328 rem
601 3256 734 3329 civilem
760 3257 867 3328 videri
881 3273 1033 3351 possent,
1060 3282 1133 3326 eam
1159 3253 1237 3350 plus

114 3373 268 3444 minusve
283 3373 447 3452 indirecte
460 3375 652 3469 attinguut3
674 3375 753 3468 quia
773 3374 817 3442 ob
838 3371 1032 3464 hujusmodi
1058 3395 1111 3439 res
1135 3367 1234 3438 litur-

114 3487 204 3581 gioas
219 3490 337 3559 enasci
360 3491 609 3584 possuut'inter
631 3486 759 3574 fideles,
788 3511 828 3556 ac
851 3485 992 3579 proinde
1017 3484 1106 3554 inter
1124 3483 1235 3568 cives,

113 3602 225 3697 aliqua
235 3602 361 3698 jurgia.
377 3601 557 3676 Tumultus
572 3619 685 3676 autem
698 3617 732 3673 et
746 3601 970 3672 dissensiones
989 3599 1128 3687 civium,
1144 3613 1240 3668 tran·

115 3717 316 3812 quillitatem
337 3719 505 3814 publicam
535 3720 685 3790 turbant.
717 3718 812 3790 Idem
843 3718 1022 3788 dicendum
1050 3715 1236 3812 generatim

113 3832 154 3904 de
173 3849 247 3904 tota
262 3834 440 3929 disciplina
456 3833 702 3922 ecclesiastica,
724 3837 793 3904 imo
807 3849 841 3904 et
859 3834 900 3904 de
919 3833 1087 3927 dogmate,
1106 3845 1143 3898 ut
1159 3831 1242 3900 satis

113 3973 173 4043 per
189 3973 225 4020 se
240 3964 346 4043 patet.
367 3953 470 4046 Ergo,
495 3950 523 4020 si
546 3948 652 4021 valeat
680 3950 767 4019 ratio
787 3974 889 4044 quam
916 3962 1037 4042 urgent
1063 3943 1241 4040 regalistae,

113 4064 408 4159 poteritprinceps
422 4065 465 4135 de
485 4065 538 4136 lris
559 4066 729 4154 omnibus,
755 4079 874 4160 utpote
896 4088 971 4157 quae
998 4064 1111 4155 aliquo
1138 4059 1239 4131 modo

113 4201 184 4249 rem
205 4177 338 4271 civilem
359 4181 546 4276 attingunt,
559 4179 732 4252 definitive
753 4179 975 4275 pronuntiare
988 4204 998 4264 3
1012 4203 1091 4273 ergo
1113 4176 1240 4271 poterit

114 4291 432 4386 totamueligionem
449 4295 484 4364 in
499 4317 565 4364 suo
577 4294 750 4365 territorio
767 4293 1009 4378 determinare3
1030 4315 1113 4386 ergo
1136 4313 1238 4382 agno·

113 4408 390 4482 scenduseritut
415 4433 513 4484 verus
531 4414 567 4482 in
588 4419 651 4482 su'o
670 4437 775 4508 regno
799 4413 902 4506 Papa.
934 4413 974 4480 In
996 4431 1098 4498 quam
1121 4427 1236 4474 revera
