2982 5072
482 361 527 406 ua
551 356 638 406 suaa
665 351 869 408 emnacrco.
1159 347 1242 436 'rap

112 498 221 556 ratam
238 482 403 578 deputato
417 497 557 555 testatus
577 483 705 554 fuisset.
723 487 767 554 Et
786 481 924 554 tandem
942 483 1122 578 siquando
1144 509 1243 554 sum·

116 601 175 670 mis
201 598 383 668 conatibus
415 597 480 668 boc
508 597 580 669 fieri
612 609 738 691 posset,
772 612 808 668 at
831 611 922 668 certe
948 621 1123 691 nunquam
1155 599 1239 669 huc·

115 739 222 808 usque
231 713 416 784 factumest
426 739 436 799 3
445 713 534 782 unde
547 714 581 781 in
597 713 763 782 incertum
777 712 918 783 deomni
932 712 1085 782 doctrina
1094 727 1128 782 et
1141 713 1239 784 disci·

113 829 206 925 plina
221 828 535 899 llnitar‘e'deberent
552 844 785 922 protestantes,
801 828 908 898 donec
923 827 1021 923 plena
1042 825 1238 924 hujusmodi

114 945 252 1014 comitia
270 943 521 1015 condonassent.
531 948 624 1040 Ergo
634 969 703 1012 non
716 958 849 1012 tantum
865 942 988 1012 falsum
1002 942 1239 1040 multipliciter

114 1059 341 1154 probaturjus
353 1057 437 1130 illud
448 1058 639 1132 collectioni
653 1058 801 1128 fidelium
811 1059 1026 1145 attributum,
1040 1057 1239 1153 religionem

111 1188 148 1244 et¹
167 1165 380 1268 disciplinam
411 1170 935 1268 ecelesiasticampraescribendi
963 1185 997 1241 et
1020 1171 1241 1269 injungendi;

112 1288 170 1358 sed
198 1289 421 1362 chimericum
445 1304 480 1357 et
501 1288 686 1359 absurdum
709 1301 759 1356 est
786 1311 885 1381 posse
914 1311 966 1355 res
984 1309 1094 1356 sacras
1121 1313 1142 1358 a
1165 1302 1242 1359 toto

112 1400 267 1472 fidelium
280 1399 422 1498 collegio
444 1402 675 1472 determinari.

161 1520 250 1587 Tota
277 1530 391 1586 autem
410 1516 512 1610 hujus
534 1514 737 1612 paragraphi
755 1514 942 1609 disputatio
964 1515 1014 1586 sic
1039 1517 1156 1611 paucis
1185 1542 1243 1586 re·

110 1634 199 1704 sumi
226 1646 362 1726 potesta
384 1631 420 1702 t⁰
437 1631 605 1710 Fidelium
619 1630 831 1700 multitudini
846 1647 1038 1725 competere
1050 1633 1168 1727 nequit
1182 1633 1241 1724 jus

115 1747 364 1818 determinandi
378 1745 563 1842 liturgiam,
577 1747 661 1842 quin
683 1744 783 1816 simul
803 1748 867 1843 ipsi
884 1762 1054 1843 competat
1080 1747 1242 1818 determi-

113 1861 234 1932 nandae
260 1861 338 1932 lidei
368 1876 403 1930 et
433 1861 606 1956 religionis
638 1861 850 1955 imponendae
875 1877 1024 1955 potestas
1046 1863 1139 1932 :boc
1166 1863 1240 1957 ipsa

112 1975 326 2046 demonstrat
343 1976 490 2071 liturgia
504 1993 640 2063 natura,
653 1991 687 2046 et
702 1976 796 2045 ultro
809 1975 997 2071 admittunt
1013 1976 1241 2072 preclariores

85 2159 88 2164 .
113 2118 155 2162 err
173 2087 441 2188 protestantibus
457 2091 693 2187 scriptoribus.
719 2097 755 2160 2⁰
775 2091 813 2160 Si
837 2091 879 2159 ad
900 2089 1153 2160 multitudinem
1180 2117 1241 2162 seu

115 2207 157 2276 ad
168 2208 333 2301 majorem
343 2231 522 2278 numerum
531 2205 682 2276 fidelium
702 2206 869 2300 pertineat
886 2205 986 2274 fidem
1000 2220 1032 2275 et
1044 2204 1243 2302 religionem

115 2321 346 2418 prescribere,
360 2337 474 2392 actum
488 2337 538 2392 est
554 2322 598 2393 de
612 2320 768 2390 doctrina
781 2322 1059 2416 rensttsprivati,
1074 2337 1242 2415 quatenus

115 2439 218 2506 unica
239 2436 397 2506 credendi
416 2435 544 2533 regula.
563 2435 602 2506 3⁰
627 2438 663 2507 Si
688 2433 773 2506 falsa
790 2436 824 2504 et
846 2435 1030 2506 deserenda
1054 2437 1098 2506 sit
1115 2458 1242 2508 seusus

111 2553 247 2647 privati
264 2551 431 2641 doctrina,
458 2563 550 2622 totus
572 2553 641 2620 ruit
666 2565 702 2620 et
722 2551 846 2620 erroris
864 2551 1082 2620 convincitur
1101 2551 1243 2622 bodier-
1288 2639 1291 2646 Ι

116 2693 179 2738 nus
199 2666 322 2756 saltem
347 2667 660 2762 protestantisrnus,
691 2666 749 2759 qui
776 2689 845 2734 non
867 2661 935 2734 alio
961 2689 1064 2760 quam
1087 2666 1238 2762 praedicti

113 2809 242 2854 ¹retatus
256 2781 625 2878 privutt'fundamento
639 2782 771 2852 nititur.

163 2898 267 2968 Unde
285 2921 330 2968 ne
351 2897 491 2982 minima
506 2895 641 2990 quidem
656 2895 748 2989 apud
764 2908 990 2988 protestantes
1006 2896 1108 2964 statui
1132 2908 1244 2990 potest

114 3017 244 3110 absque
274 3014 541 3096 contradictione
564 3015 654 3083 circa
683 3012 853 3107 liturgiam
881 3011 1011 3107 regula.
1038 3014 1075 3082 Si
1099 3027 1243 3110 agatur,

116 3133 211 3202 verbi
235 3131 367 3228 gratia,
389 3130 431 3213 de
454 3127 655 3200 celebranda
674 3151 712 3197 re
734 3127 978 3217 eucharistica,
1010 3127 1124 3224 aliqua
1149 3144 1243 3200 certa

115 3247 226 3317 lomna
242 3245 432 3330 necessario
452 3243 618 3314 utendum
636 3244 709 3314 erit·
725 3247 800 3313 lam
816 3267 897 3312 vero
910 3244 986 3337 quis
1007 3261 1079 3312 eam
1098 3244 1244 3314 formam

116 3361 302 3449 decernetl»
317 3365 371 3432 An
387 3360 565 3430 minister?
581 3362 672 3452 Ergo
699 3361 853 3427 minister
873 3358 974 3454 fidem
991 3374 1024 3428 et
1043 3359 1243 3452 religionem

117 3477 244 3572 poterit
257 3475 456 3570 injungere;
471 3494 551 3570 ergo
571 3475 723 3542 minister
738 3473 771 3540 in
788 3477 910 3565 Papam
927 3473 1079 3566 erigitur.
1102 3477 1156 3543 An
1173 3473 1242 3542 col·

116 3590 218 3662 lectio
230 3590 381 3663 fidelium
391 3592 450 3684 qui
461 3592 651 3672 ministrum
668 3587 813 3683 aliquem
829 3587 1006 3658 insacrum
1019 3590 1244 3661 ministerium

113 3704 617 3802 deputaruntlllrgominimus
630 3704 799 3774 illecoetus
812 3705 870 3798 qui
885 3705 1075 3773 ministrum
1090 3705 1245 3800 deputat,

113 3822 168 3914 jus
191 3821 332 3892 habebit
359 3821 610 3916 praescribenda
634 3819 804 3914 religionis
827 3834 859 3888 et
880 3823 1004 3914 Papam
1028 3820 1165 3914 agendi;
1183 3843 1245 3889 nec

114 3938 242 4032 cuique
260 3939 395 4032 privabo
409 3930 595 4006 remanebit
612 3936 669 4029 jus
687 3933 791 4004 liberi
807 3937 1000 4022 examinis,
1018 3959 1079 4004 nec
1096 3937 1125 4004 ei
1145 3937 1246 4006 unica

114 4054 236 4150 regula
263 4053 329 4122 erit
340 4053 503 4148 priuatus
521 4073 654 4124 seusus.
676 4051 901 4144 Quocumque
918 4073 953 4119 se
971 4065 1104 4120 vertant
1128 4066 1245 4146 prote·

114 4185 257 4259 stantes,
277 4170 311 4238 in
330 4163 521 4266 pepismtim
538 4168 709 4256 incidunt3
727 4182 778 4238 ast
791 4189 989 4255 erroneum,
1003 4165 1214 4262 illegitimum
1230 4216 1242 4257 ,

112 4281 312 4356 ridiculum.
427 4307 430 4316 ·
683 4277 687 4284 ’
