2982 5072
503 366 551 413 nu
575 365 665 414 suna
689 369 899 418 nrruacrco.
1192 349 1264 451 167

11 471 12 526 7
131 487 329 558 remanebat
344 489 378 557 in
399 489 527 559 caeteris
545 489 694 584 ejusdem
708 490 795 584 juris
807 490 957 588 liturgici
971 492 1129 565 exercitio
1146 493 1262 570 locus:

131 607 168 674 in
191 605 391 675 ordinandis
403 604 543 697 scilicet,
566 606 735 702 augendis
748 607 1000 703 corrigendisve
1018 609 1261 703 sormulis,eae·

132 721 313 809 remoniis‚
333 722 650 812 consuetudinibus,
669 747 746 818 quae
767 747 830 793 nec
850 723 892 792 de
906 722 1138 796 essentialibus
1157 751 1260 826 supra

130 838 327 908 memoratis
341 853 434 929 sunt,
450 863 513 909 nec
528 837 601 914 ullo
619 837 755 910 fueraut
773 839 910 910 decreto
929 840 1103 934 pontificio
1120 841 1257 915 univer·

67 941 70 948 ²
130 952 246 1026 saliter
260 955 463 1050 praescriptae
478 979 516 1024 ac
528 953 768 1024 determinatae.
786 959 893 1024 Po'rro
905 955 946 1024 de
960 955 1013 1025 his
1027 971 1173 1050 tautum,
1188 983 1258 1031 non

129 1095 211 1141 vero
240 1070 282 1139 de
305 1067 582 1142 substantialibus
596 1085 655 1140 aut
670 1096 691 1140 a
706 1084 826 1141 saneta
841 1069 922 1140 sede
939 1070 1174 1142 universaliter
1191 1089 1260 1146 sta·

131 1184 677 1282 tutisrintelligimuspotestatem
694 1185 929 1285 legislativum
946 1184 983 1253 in
1002 1209 1054 1256 res
1071 1183 1266 1284 liturgicus„

130 1325 234 1396 quam
251 1299 462 1372 affirmamus
482 1316 559 1372 ante
577 1300 734 1372 saeculum
748 1305 781 1373 V
800 1299 941 1399 singulis
960 1298 1107 1372 eeclesiis
1120 1305 1266 1398 parnis*
1299 1305 1302 1310 ’

179 1539 227 1604 2⁰
251 1536 344 1604 Dum
364 1533 506 1604 dicimus
527 1532 722 1628 praedictam
739 1546 941 1627 potestatem
959 1529 1049 1628 leges
1068 1532 1197 1605 ferendi
1215 1533 1261 1606 de

130 1674 166 1720 re
180 1647 339 1744 liturgica
356 1649 574 1750 subgulurum
592 1648 820 1720 ecclesianam
834 1646 1049 1744 praesulibus
1066 1649 1168 1723 fuisse
1182 1675 1259 1746 pcr-

129 1765 287 1852 missam,
315 1765 542 1838 abstrahimus
561 1791 582 1835 a
598 1766 784 1858 quaestione
811 1778 927 1834 utrum
951 1763 1113 1859 Episcopi·
1131 1766 1265 1860 absque·

129 1877 209 1950 cleri
222 1878 422 1962 cathedralis
432 1905 490 1950 seu
506 1876 647 1974 capituli
666 1878 810 1948 consilio
822 1893 882 1948 aut
901 1901 1067 1951 consensu
1083 1881 1260 1974 potuerint

128 1991 259 2088 aliquid
281 1993 360 2064 novi
374 1996 465 2065 circa
483 1992 655 2089 liturgiam
673 2009 830 2062 statuere.
859 1997 898 2062 In
918 2008 1064 2064 tractata
1086 2010 1199 2066 autem
1212 1994 1266 2066 de

130 2107 307 2205 capitulas,
331 2109 544 2180 Tlromassini
572 2107 785 2202 aliorumque
809 2106 1021 2186 eruditorum
1053 2111 1255 2182 sententiam

128 2224 328 2317 promimus,
350 2245 416 2318 qua
440 2221 640 2320 generaliter
662 2221 836 2292 affirmant
859 2219 996 2292 solitum
1020 2222 1054 2292 in
1077 2237 1148 2297 tota
1166 2226 1266 2298 anti-

129 2339 259 2434 quitate
277 2337 378 2410 fuisse
391 2353 429 2408 ut
448 2340 483 2408 in
498 2337 748 2410 constituendis
768 2336 1040 2432 disciplinaribus
1056 2337 1182 2434 regulis
1201 2364 1257 2412 re·

128 2453 321 2548 quireretur
345 2452 426 2523 cleri
457 2451 656 2526 cathedralis
674 2450 865 2540 consilium,
893 2465 927 2520 et
953 2452 988 2520 iu
1010 2450 1126 2522 multis
1151 2454 1264 2526 etiarm

127 2595 324 2642 consensus.
345 2571 457 2660 Quam
480 2569 746 2640 controversiam
759 2568 815 2636 hic
832 2567 993 2636 intactam
1009 2565 1262 2662 relinquentes„

128 2690 175 2757 ita
205 2700 404 2780 potestatem
436 2684 654 2780 legislativum
678 2686 766 2754 cirea
795 2707 847 2752 res
867 2681 1040 2777 liturgicus
1059 2683 1202 2779 singulis
1219 2683 1255 2754 in

127 2800 264 2872 dioecesi
287 2825 346 2870 sua
369 2801 535 2896 episcopis
554 2814 632 2870 ante
655 2796 861 2872 saeculumV
884 2798 1113 2887 attribuimus,
1140 2799 1265 2870 utsive·

126 2914 188 2986 soli
210 2916 281 2986 sive
297 2915 413 2986 saltem
442 2941 518 2986 cum
548 2914 638 2987 clero
662 2941 724 2986 suo
754 2913 929 3010 potuerint
959 2915 1050 2986 circa
1082 2914 1262 3010 liturgiam.

125 3028 235 3100 multa
249 3030 438 3101 decernere.

176 3145 218 3218 3⁰
244 3148 336 3216 Dum
356 3147 515 3241 quintum
535 3147 693 3216 seculum
712 3145 934 3240 assignamus,
958 3157 1155 3240 atquetunc
1170 3157 1255 3218 tem·

126 3263 221 3357 puris
228 3261 271 3330 ad
291 3264 454 3336 unitatem
470 3260 764 3356 metropolitanam
778 3259 952 3330 reductam
966 3260 1066 3332 fuisse
1080 3259 1262 3356 liturgiam.

125 3379 320 3469 asserimus,
331 3404 401 3448 non
412 3381 459 3450 ita
470 3379 620 3474 rigorose
632 3391 666 3448 et
680 3377 915 3448 mathematice
925 3374 1182 3469 intelligendum
1188 3389 1262 3465 est„

126 3507 166 3562 ut
181 3491 342 3564 notabilis
361 3495 433 3564 bac
444 3494 530 3588 juris
542 3489 891 3588 liturgiriimmutatio
907 3513 976 3558 non
996 3488 1083 3560 facta
1096 3486 1256 3558 forteali·

125 3609 205 3680 cubi
216 3608 320 3678 fuerit
338 3611 438 3680 etiam
462 3624 539 3680 ante
558 3605 717 3680 seculum
730 3607 898 3702 quintum,
915 3604 976 3676 sed
988 3627 1029 3675 en
1047 3628 1148 3675 sensu
1160 3603 1258 3699 quod

125 3736 208 3796 tunc
226 3727 388 3822 temporis
408 3724 656 3822 generaliorem
674 3749 748 3794 eam
766 3723 944 3818 contigisse
960 3733 1180 3792 monumenta
1193 3718 1265 3788 do·

125 3854 238 3910 ceant.
261 3840 396 3930 Quibus
413 3840 620 3938 praenotatis,
638 3839 707 3934 jam
721 3839 763 3910 ad
785 3839 893 3934 ipsam
912 3838 1032 3910 thesim
1054 3833 1262 3906 firmandam

124 3952 334 4026 accedamus.
379 4025 382 4032 ,
