2982 5072
241 352 309 438 148
696 372 904 420 moruus

237 518 387 600 garntur,
405 525 515 596 neque
529 525 606 584 rex,
622 525 732 594 nequa
750 499 880 570 subditi
899 501 961 594 qui
975 500 1167 596 judicarunt
1190 527 1260 570 rem
1275 505 1365 572 mix·

236 635 323 706 tam,
334 619 377 687 cle
387 642 453 712 qua
464 617 613 688 decernit
625 614 713 684 bulla
723 667 733 699 ‚
742 615 855 708 potius
863 615 905 684 ad
918 616 1082 710 principis
1095 617 1208 686 forum
1215 620 1364 710 pertine-

237 760 288 806 re.
303 738 347 804 Et
366 730 665 826 noteturproedicti
685 729 811 800 decreti
822 753 961 825 scopum
974 730 1079 800 fuisse
1096 731 1252 827 frangere
1263 736 1362 828 regiae

234 848 453 947 Portugalliae
471 848 573 918 curiae
596 846 790 938 molimina,
813 847 945 940 'quibus
968 847 1004 916 in
1029 847 1101 916 suis
1117 847 1292 917 lnrliarum
1310 849 1362 918 di-

237 967 389 1038 tionibus
401 964 572 1036 bullnrnm
593 961 850 1059 pontificiarum
870 962 1079 1032 motioni
1097 960 1277 1057 (principia
1294 961 1364 1058 gal·

239 1081 404 1154 licauismi
426 1078 627 1172 obtendens)
648 1078 848 1149 obsistebat.
931 1115 934 1120 ·

286 1197 567 1272 concludendum
588 1221 682 1290 ergo,
705 1210 906 1291 potestatem
923 1194 1056 1264 uirilem
1075 1219 1146 1264 esse
1163 1195 1301 1290 quidem
1322 1199 1365 1266 ab

237 1314 458 1390 ecclesiastica
476 1311 668 1382 distinctam
693 1336 703 1397 3
726 1327 762 1381 et
776 1313 855 1404 jure
878 1315 1029 1407 proprio,
1055 1337 1075 1381 a
1103 1315 1179 1382 Deo
1193 1327 1364 1395 manante,

241 1457 310 1502 uon
328 1431 371 1500 ab
385 1426 535 1499 Ecclesia
560 1443 712 1522 accepto,
732 1442 900 1515 stantem3
917 1442 952 1496 et
970 1429 1036 1497 linc
1060 1452 1160 1498 sensu
1177 1453 1256 1498 rere
1270 1428 1367 1496 indc-

239 1546 443 1642 pendentem
463 1569 472 1612 ε
492 1558 543 1612 ast
563 1544 598 1612 in
614 1543 715 1612 rebus
732 1568 808 1636 quan
825 1542 929 1614 finem
954 1543 1110 1613 Ecclesia
1129 1544 1305 1638 proprium
1333 1557 1367 1611 et

239 1660 413 1755 spirituale
427 1662 616 1727 animarum
637 1658 763 1726 bonum
789 1672 946 1753 tangunt,
965 1661 1122 1753 potcstati
1138 1658 1284 1728 clarium
1302 1661 1366 1727 im·

238 1777 373 1872 perium
388 1773 485 1843 civile
501 1773 632 1867 subjici.
651 1773 754 1861 Quod
772 1772 928 1844 Ecclesiae
946 1776 981 1843 in
1003 1799 1075 1844 rem
1089 1773 1223 1844 civilem
1236 1775 1294 1868 jus
1313 1778 1367 1844 r'u-

238 1891 427 1977 directum,
446 1891 570 1959 nedum
583 1891 742 1985 potestati
758 1890 937 1984 temporali
954 1906 1085 1980 noceat,
1101 1893 1165 1986 ipsi
1183 1892 1367 1986 plurimum

241 2008 379 2079 confert
395 2007 565 2076 firmitatis
591 2021 625 2075 et
639 2051 642 2058 ·
654 2032 738 2074 vcrae
757 2001 883 2102 gloriae.
903 2006 942 2076 Id
959 2022 1073 2077 autem
1098 2007 1191 2102 quod
1211 2009 1367 2104 princeps

241 2139 384 2219 propter
408 2121 617 2192 indirectum
638 2121 834 2213 hujusmodi
860 2120 916 2215 jus
934 2121 1090 2190 Fcclesiae
1112 2121 1229 2192 cedere
1252 2123 1365 2209 debet,

242 2255 294 2310 est
315 2239 461 2334 idipsum
478 2238 572 2332 quod
594 2263 661 2307 non
676 2253 789 2333 posset
804 2237 965 2333 princeps
978 2239 1196 2333 perseipsum
1209 2263 1368 2308 exercere

239 2357 370 2450 absque
383 2353 588 2450 populorum
604 2352 849 2423 catholicorum
865 2351 1134 2448 perturbatione,
1152 2369 1187 2422 et
1205 2353 1369 2448 suiipsius

241 2470 460 2556 discrimine3
478 2471 547 2538 imo
565 2469 597 2536 id
610 2469 674 2538 sihi
695 2469 867 2538 vindicare
883 2470 1043 2563 princeps
1058 2493 1233 2564 nunqnam
1245 2473 1370 2564 poterit

244 2585 329 2680 quin
346 2607 415 2654 sese
428 2583 610 2654 ridiculum
633 2584 745 2669 faciat,
769 2584 903 2680 populis
922 2585 1082 2677 invisum,
1100 2600 1133 2654 et
1152 2611 1230 2682 erga
1250 2611 1369 2682 supre-

241 2725 339 2770 mum
351 2724 462 2795 regem
477 2699 650 2769 Christum
660 2700 694 2769 in
717 2699 835 2768 multis
851 2725 960 2770 reum.

293 2823 354 2890 Jus
370 2833 484 2888 autem
506 2816 814 2887 illud-indirectum
830 2815 998 2907 Ecclesia,
1015 2843 1057 2888 ax
1074 2815 1230 2912 professo
1248 2821 1371 2912 proba·

243 2959 322 3006 mus
334 2937 369 3004 in
379 2932 447 3003 alio
462 2936 753 3029 tt·actatu(nempe
773 2939 828 3002 De
831 2949 1017 3029 potestate
1032 2933 1201 3005 aculeum
1214 2957 1299 3032 erga
1315 2959 1370 3004 so·

244 3053 392 3122 dautes
403 3049 545 3146 civiles),

293 3167 399 3260 Ergo,
416 3165 458 3234 ad
475 3163 645 3259 liturgiam
657 3164 749 3259 quod
767 3166 902 3252 attinet,
920 3165 1140 3257 rejiciendum
1158 3181 1209 3236 est
1229 3182 1369 3262 systema

241 3277 466 3375 gallicanium
485 3277 663 3366 moderati,
687 3303 756 3371 quo
787 3279 841 3372 jus
863 3276 999 3372 aliquod
1015 3277 1206 3375 liturgicum
1226 3281 1370 3375 principi

242 3395 455 3466 tribueretur
468 3393 605 3490 quando
618 3396 765 3464 nrateria
784 3407 834 3462 ost
847 3394 990 3462 mixta..·
1035 3437 1038 3449 ·
1161 3426 1166 3435 ·

688 3644 840 3714 CAPUT
872 3647 930 3715 IV.

247 3875 420 3924 Porusrts
451 3873 684 3920 Lnutsntrtvt
713 3875 752 3921 tu
782 3875 989 3922 multotum
1016 3875 1090 3922 nott
1118 3875 1295 3922 PERTINET
1325 3875 1369 3921 ll)

294 3989 488 4037 utttscot’os
518 3989 578 4036 Π
595 3983 792 4055 Punctum,
827 3991 1124 4040 unumunurm
1156 3993 1179 4040 Δ
1221 3991 1369 4041 ttottttto

296 4103 494 4151 Pourtftctz.

249 4367 250 4372 ,
297 4307 763 4402 Natnsupra‚capiteprimo,
781 4307 1197 4400 probatuut-cstRomauo
1215 4305 1369 4378 Pontifici
1474 4335 1475 4348 ¹

246 4437 441 4518 competere
458 4447 652 4518 supmmum
671 4423 727 4517 jus
744 4421 941 4523 liturgicum
963 4425 998 4494 in
1017 4422 1367 4496 universalitatem.
1474 4471 1475 4490 r
