3018 5070
251 340 298 413 62
707 361 921 410 nicrum

251 512 351 565 tenus
374 492 562 576 hominem,
589 488 793 587 adoption,
813 517 885 562 uon
904 507 1055 581 natura,
1080 491 1190 562 lilium
1212 497 1277 565 Dei
1294 523 1378 570 esse.

252 609 361 702 Cujus
371 605 509 700 quidem
522 603 765 675 fulsifintionis
779 622 954 701 suspectus
968 609 1113 678 monime
1125 608 1190 679 fuit
1203 609 1298 680 Felix
1311 616 1381 683 Ur·

254 725 410 822 gellcnsis
427 722 626 817 Episcopus,
641 722 815 816 ipsiusque
828 721 911 794 olim
926 724 1110 819 dscipulos
1124 725 1313 822 Elipnndus
1324 755 1379 798 ar.

251 841 487 935 chiepiscopus
497 836 694 925 Toletunus,
704 840 762 932 qni
774 839 914 908 luerunt
927 840 1090 935 praecipui
1098 843 1201 936 hujus
1216 846 1380 916 hereseos

251 957 485 1026 sutores-De
503 979 576 1047 quo
592 954 716 1022 videsis
727 957 857 1022 Bonam
874 954 1003 1050 (rerum
1018 955 1151 1052 liturg,
1173 958 1196 1028 l.
1218 985 1251 1047 r,
1276 985 1307 1030 c.
1326 985 1377 1051 rr,

250 1086 332 1142 sect.
351 1071 402 1166 α),
425 1070 587 1138 Brmrium
599 1068 642 1163 (t.
660 1068 844 1154 ltnissm.
863 1067 898 1158 5,
915 1085 979 1140 art.
997 1097 1037 1159 2,
1051 1087 1131 1141 sect.
1147 1073 1194 1168 α),
1212 1077 1378 1146 Joaumm

252 1187 388 1258 Piniurn
413 1184 479 1280 (de
511 1185 667 1279 Liturgin
697 1185 857 1278 antiqua,
885 1211 961 1279 cop.
997 1190 1042 1274 t,
1068 1189 1092 1279 S
1122 1187 1182 1280 3),
1210 1189 1377 1260 Lcslaeum

251 1301 367 1398 (praef.
393 1303 429 1368 in
442 1299 579 1369 Misscle
596 1299 771 1368 Mozorob.
786 1351 796 1388 ,
811 1325 844 1393 p.
861 1299 931 1394 35).
956 1303 1062 1370 (itari
1090 1303 1192 1372 ctinrn
1219 1322 1378 1397 possunt,

251 1431 414 1508 tanquam
429 1410 609 1482 hoercticali
624 1409 699 1480 labe
716 1412 901 1500 masculeta,
919 1413 1140 1510 Amphoron
1158 1419 1329 1507 Dioscuri,
1344 1435 1380 1489 et

255 1529 348 1602 Ordo
359 1529 583 1625 baptismales
590 1528 706 1597 Severi
721 1528 1147 1623 mtriorchaenmioelreni‚
1157 1553 1259 1625 quem
1270 1533 1383 1606 edidit

251 1645 368 1716 Guido
379 1644 564 1712 Fabricius.
584 1645 672 1712 Cum
691 1668 776 1738 ergo
791 1646 890 1714 toties
903 1645 1054 1715 heretici
1064 1647 1157 1714 virus
1169 1671 1268 1716 suom
1283 1651 1317 1717 in
1334 1649 1382 1718 li-

251 1759 381 1853 turgias
410 1757 618 1843 infuderint,
647 1758 851 1828 auctoritate
887 1759 1041 1829 destituti
1065 1760 1227 1832 videntur
1251 1779 1381 1834 veteres

252 1873 330 1943 libri
350 1873 500 1968 liturgici
519 1874 579 1942 ubi
601 1873 642 1942 dc
656 1875 900 1967 quaestiouibus
921 1875 1000 1944 fidei
1015 1877 1140 1970 agimr.

298 1995 509 2060 Responsio.
530 2029 580 2044 -
603 1988 639 2058 r⁰
657 1989 816 2082 Objectio
838 1984 1036 2084 illa'probat
1051 1994 1293 2062 tantummodo
1307 2021 1378 2064 non

251 2105 363 2175 velere
379 2105 565 2198 generatim
584 2102 856 2196 adprobandum
876 2120 1002 2174 rectam
1031 2106 1133 2174 fidem
1161 2107 1317 2203 liturgias
1335 2112 1380 2179 ab

251 2222 401 2294 ecclesiis
418 2221 583 2289 haereticis
598 2220 792 2306 adhibitns3
812 2220 905 2313 quod
922 2221 1050 2290 nedum
1068 2245 1240 2316 negemus,
1255 2226 1379 2318 proba·

250 2339 363 2408 vimus
380 2361 484 2430 supro
498 2361 568 2404 uon
584 2357 681 2427 posse
694 2331 860 2427 populum
881 2333 1029 2427 aliquem
1055 2335 1091 2404 in
1117 2335 1269 2404 lmresim
1292 2335 1376 2426 lobi,

250 2455 333 2548 quin
344 2453 479 2520 noviter
492 2450 864 2542 receptumerrorcmin
881 2445 1053 2543 liturgiam
1064 2475 1158 2520 suum
1169 2451 1375 2524 introducat.

249 2571 286 2640 Si
299 2570 389 2636 enim
408 2569 570 2635 intactam
586 2579 733 2633 servaret
747 2562 918 2659 liturgiam
935 2565 1050 2634 lraeresi
1064 2569 1280 2656 anteriorem,
1298 2593 1378 2638 cum

250 2682 307 2752 illu
318 2707 405 2779 puro
417 2684 471 2769 sit,
484 2707 524 2752 ex
536 2681 728 2775 hypothesi,
739 2693 790 2749 est
802 2683 904 2748 etium
917 2681 1282 2752 introducendoerrori
1296 2709 1380 2753 con·

249 2799 363 2867 traria.
382 2793 484 2867 Unde
501 2794 649 2891 populus
663 2795 730 2884 ille,
746 2819 789 2864 ne
807 2821 903 2864 suum
920 2797 1078 2892 quotidie
1088 2797 1207 2868 audiat
1219 2799 1379 2869 condem·

249 2914 420 2982 nationem
433 2927 505 2980 eto
530 2910 599 2979 fide
617 2911 757 3003 antiqua
779 2909 1024 2999 defectionem,
1046 2910 1218 3007 liturgiam
1246 2932 1379 2984 mutare

249 3015 500 3122 quodammodo
512 3027 646 3121 cogitur
659 3041 693 3094 ct
707 3049 775 3096 suae
786 3025 903 3094 haercsi
917 3027 1182 3098 accommodare.
1197 3028 1380 3100 Nihilomi-

250 3169 313 3211 nus
330 3141 569 3212 multusuntin
589 3140 805 3209 ecclesiarium
815 3141 1046 3210 haereticarum
1065 3144 1214 3238 antiquis
1232 3143 1379 3241 liturgiis

249 3283 324 3351 quae
346 3257 485 3324 omnino
505 3281 581 3324 cum
598 3270 690 3323 recta
704 3255 771 3322 fide
790 3269 919 3323 etcum
938 3254 1085 3352 liturgiis
1103 3259 1278 3329 catholicis
1295 3287 1378 3330 con·

248 3373 405 3443 cordunt.
423 3374 531 3440 Porro
546 3372 618 3439 huc
638 3383 759 3438 contra
779 3384 931 3440 recentes
959 3371 1133 3442 hereticos
1151 3399 1286 3444 summo
1300 3377 1379 3469 jure

249 3505 427 3583 urgentur.
446 3489 534 3577 Quis
547 3513 616 3556 non
635 3486 738 3575 viriet,
750 3486 845 3554 verhi
863 3489 981 3580 gratio,
997 3489 1244 3560 conclamatam
1261 3517 1334 3561 esse
1345 3509 1378 3561 et

248 3601 442 3670 adnihilum
457 3599 627 3669 redactum
639 3600 897 3693 protestantium
911 3598 1197 3696 calumniamque
1206 3604 1378 3676 affirment

247 3715 411 3813 quosdam
421 3714 582 3784 articulos
600 3716 737 3808 nuperis
753 3716 966 3810 temporibus
979 3719 1024 3785 ab
1041 3716 1190 3786 Ecclesia
1210 3719 1378 3788 catholica

247 3830 349 3900 fuisse
368 3831 576 3924 excogitatos
593 3844 629 3897 et
645 3853 791 3923 sparsos,
802 3830 943 3924 quondo
959 3832 1042 3925 ipsis
1055 3833 1258 3902 exhibentur
1275 3833 1376 3902 iidem

245 3944 380 4014 articuli
399 3947 434 4013 in
456 3946 606 4040 entiquis
620 3944 857 4014 haeretieorum
870 3947 971 4014 etiam
985 3944 1133 4043 liturgiis
1148 3949 1322 4044 expressi?
1341 3951 1376 4019 Si
1496 3995 1497 4000 κ

247 4062 437 4156 antiquitus
453 4062 516 4155 ipsi
541 4061 642 4130 etiam
660 4061 807 4130 haeretici
830 4060 990 4130 articulos
1013 4061 1087 4132 illos
1116 4064 1377 4158 profitebuntur,

248 4192 402 4274 apertum
414 4177 626 4248 menducium
637 4193 751 4246 csteos
762 4176 1080 4248 recentibusseculis
1090 4179 1255 4274 perfalsus
1266 4179 1376 4250 decre·

248 4293 330 4364 tales
340 4293 556 4364 aliovemodo
565 4294 668 4364 fuisse
687 4293 836 4387 primum
847 4293 1010 4364 invectos.
1022 4297 1067 4364 Et
1077 4295 1141 4366 hoc
1151 4320 1250 4366 sensu
1261 4296 1376 4390 magni

247 4409 406 4504 ponderis
416 4408 621 4504 quaudoque
630 4432 699 4478 esse
709 4408 963 4506 possuntctiom
975 4408 1375 4505 hereticorumliturgiae,
