3018 5070
246 328 294 402 68
707 349 909 400 rnacrarus

246 493 361 550 mater
372 478 518 578 etvirgo
532 491 605 562 est,
625 491 659 546 et
678 479 853 572 paginati
879 504 888 547 ι
909 481 1080 573 Haneque
1091 479 1187 548 enim¹
1196 477 1373 571 festivita·

246 610 316 664 tem
337 590 446 662 index
464 615 647 688 puerperae
659 591 851 689 virginalis
868 592 972 662 stella
979 592 1175 690 praecessit.

294 705 429 778 Missaie
451 706 636 802 gothicum,
651 707 774 802 pagina
790 705 883 780 235:
903 695 1081 779 Nasceute
1100 711 1252 780 Domino
1261 711 1374 808 pirgi·

244 823 338 895 nulis
356 824 448 894 uteri
464 847 600 892 arcuna
618 821 746 893 lucatu
763 837 854 893 sunt.
875 825 927 892 Et'
941 825 1065 920 pagina
1081 820 1151 896 255
1172 809 1240 896 :In
1257 840 1375 896 mutre

245 965 332 1011 vero
349 939 488 1038 uirgine
499 941 607 1009 etiam
625 938 852 1036 corporaliter
866 937 1050 1017 habitasti.
1070 943 1113 1010 Et
1133 939 1258 1036 pagina
1279 937 1373 1012 256.-

247 1054 310 1125 Ad
320 1072 352 1126 te
367 1079 447 1154 ergo
465 1053 677 1139 revertimur,
691 1051 912 1153 Virgofoetu,
923 1069 1040 1124 mater
1050 1055 1201 1144 intucta,
1211 1055 1375 1126 nesciens

246 1175 378 1260 verrem,
397 1157 576 1266 puerpera
611 1167 792 1250 lioncratu,
803 1193 873 1264 per
887 1168 1025 1260 filium,
1048 1193 1120 1240 non
1130 1167 1309 1264 polluta...
1334 1185 1376 1238 ut

182 1294 184 1297 ’
246 1303 362 1356 uenter
377 1287 514 1382 integra
529 1280 677 1352 liaberet
687 1281 847 1372 fructum
868 1281 911 1353 de
930 1284 1075 1380 Spiritu,
1089 1297 1124 1353 et
1140 1284 1373 1379 incorruptio·

247 1427 328 1472 nem
344 1399 388 1471 de
395 1415 518 1497 partu.
636 1385 638 1390 ’

242 1540 245 1546 ·
295 1516 398 1596 Liber
418 1515 729 1609 gothico-hispanus
757 1537 776 1582 a
799 1511 986 1582 Blanchino
1014 1514 1136 1600 editus,
1154 1513 1277 1610 pagina
1297 1514 1372 1597 ad:

246 1633 422 1708 Dominus
438 1635 542 1700 lesus
567 1629 726 1700 Christus
743 1629 807 1725 qui
821 1627 902 1697 olim
923 1653 969 1697 en
978 1628 1123 1726 Virgine
1139 1627 1377 1726 dignatusest

245 1745 359 1829 nasci,
390 1769 463 1813 suae
485 1769 553 1814 vos
570 1743 753 1842 genitricis
783 1743 976 1812 intercessu
1001 1743 1226 1844 sanctificet,·
1242 1742 1375 1838 quique

245 1875 395 1930 matrem
410 1861 560 1929 serravit
581 1883 606 1926 u
619 1857 820 1954 corruptelae
842 1859 1017 1956 contagio,
1046 1859 1162 1926 surum
1178 1853 1291 1927 caules
1310 1881 1375 1926 ve-

246 1979 312 2046 stri
326 1974 502 2045 emaculet
514 1999 539 2042 u
560 1973 697 2061 delicta,
711 1975 824 2070 etqui
837 1997 917 2042 enm
926 1971 1023 2067 fecit
1036 1973 1211 2068 uirginem
1230 1995 1376 2040 munere

237 2106 322 2186 post
340 2105 501 2186 partum,
520 2089 643 2158 eoelum
664 2085 768 2157 vobis
787 2085 920 2158 tribuat
933 2083 1117 2182 possidere
1130 2101 1219 2182 post
1242 2088 1374 2156 transi-

242 2222 327 2278 tum.
347 2210 390 2274 Et
410 2208 533 2301 pagina
555 2202 600 2276 35
627 2229 635 2272 :
658 2208 759 2274 Deus
781 2206 846 2300 qui
867 2201 1006 2274 domini
1031 2203 1154 2274 David
1167 2202 1379 2301 proplietuli

239 2324 414 2393 vaticinio
433 2319 637 2416 praedixisti
648 2342 775 2389 novum
796 2320 889 2410 fieri
914 2321 1067 2418 signum,
1090 2335 1198 2416 utque
1219 2320 1374 2389 nu'racu-

240 2435 312 2507 lum
329 2434 543 2522 inauditum,
561 2431 659 2532 quod
667 2436 772 2532 virgo
790 2433 941 2534 Verbum
954 2429 1161 2530 conciperet,
1177 2432 1376 2531 quodinso·

239 2548 301 2625 lito
317 2550 508 2646 virginitas
512 2550 760 2645 parturiret...
778 2552 822 2618 Et
833 2548 948 2618 eadem
964 2549 1086 2644 pagina
1103 2575 1110 2620 :
1125 2547 1289 2620 Salvator
1299 2573 1376 2619 om·

240 2665 340 2734 nium
359 2651 444 2733 lesu
465 2662 612 2753 Cluiste,
635 2665 701 2760 qui
722 2688 819 2733 nouae
839 2664 1052 2760 operationis
1064 2662 1231 2760 efficacia
1254 2665 1375 2762 Virgi-

239 2803 322 2868 nem
339 2803 408 2875 per
439 2779 605 2876 angelum
632 2781 775 2870 visitas,
800 2778 912 2849 Verbo
927 2777 1134 2873 faecundas,
1161 2778 1376 2878 ¹habituram

239 2896 317 2965 siue
343 2895 575 2990 corruptionis
602 2893 734 2991 injuria
757 2893 907 2989 prolem,
941 2909 975 2964 et
992 2919 1267 2991 permansuram
1294 2922 1375 2966 cum

240 2999 446 3109 integritate
458 3012 623 3108 virginea
640 3024 832 3080 matrem...
850 3013 895 3078 Et
912 3011 1036 3105 pagina
1059 3037 1104 3108 27
1124 3036 1131 3080 :
1153 3015 1255 3082 Intra
1276 3012 1373 3108 ejus-

240 3123 321 3194 dem
334 3125 434 3195 urbis
451 3125 721 3196 Betlrleemiticae
739 3135 854 3222 septu'
858 3128 1068 3224 genitricem
1084 3128 1241 3196 Mariam
1254 3143 1289 3197 et
1298 3152 1376 3196 mu·

241 3255 337 3310 teruo
361 3240 493 3310 lionore
522 3240 708 3329 sublimas,
734 3255 769 3309 et
791 3243 1011 3341 virginitatis
1028 3241 1374 3340 honoreglarficas,·
1447 3251 1452 3262 '

240 3353 340 3453 cujus
356 3371 494 3426 uterum
509 3381 574 3426 uec
592 3354 791 3454 ingrediens
804 3381 955 3443 reseras,
972 3383 1037 3428 nec
1047 3357 1227 3456 egrediens
1239 3356 1370 3430 violas.

287 3475 376 3541 Item
405 3471 702 3542 sacramentarium
734 3470 937 3568 gallicanum
965 3499 985 3542 a
1015 3472 1218 3544 Mabillonio
1242 3474 1374 3544 editum

239 3591 423 3683 (Musaeum
433 3587 596 3672 italicum,
615 3601 640 3656 t.
667 3592 696 3674 I,
717 3614 749 3684 p.
772 3588 877 3685 289):
895 3592 1007 3660 Missa
1022 3591 1062 3659 iu
1079 3589 1208 3687 uigilia
1225 3589 1374 3662 Natalis

209 3783 212 3789 ¹
240 3701 441 3771 Domini....·
461 3701 573 3772 Hodie
591 3701 769 3772 nascendo
788 3705 967 3802 Virginem
982 3720 1134 3800 matrem
1144 3704 1249 3800 fecit.
1260 3708 1374 3776 Missa

238 3817 277 3886 in
286 3832 420 3887 sunctae
435 3819 563 3886 Marisa
581 3817 843 3892 solemnitate...
858 3847 868 3890 .·
892 3825 1067 3919 Omagna
1083 3821 1271 3892 clementia
1286 3827 1372 3892 Dei·

239 3933 327 4000 tatis
340 3929 352 3999 l
367 3933 455 4021 Quae
475 3933 591 4002 virum
607 3957 679 4004 non
703 3937 808 4024 rrorr't,
828 3950 863 4006 et
887 3951 1003 4005 mater
1029 3951 1096 4022 est,
1116 3950 1242 4034 etpost
1252 3935 1373 4024 filium

238 4046 341 4143 uirgo
360 4061 415 4115 est
432 4045 529 4142 (ibid.
546 4072 580 4142 p.
606 4047 704 4148 ¹299).
723 4053 814 4121 Ante
830 4051 969 4122 missam
986 4053 1043 4122 cui
1058 4050 1187 4137 titulus,
1204 4052 1317 4122 Missa
1335 4053 1374 4122 in

239 4161 391 4266 symboli
410 4161 608 4254 traditione,
624 4167 686 4236 sub
705 4168 769 4238 hac
784 4167 933 4254 rubrica,
952 4169 993 4238 in
1011 4167 1208 4262 synrbolum
1234 4166 1286 4238 ad
1300 4193 1372 4240 au-

240 4282 330 4350 rium
355 4282 572 4375 apertionem
598 4279 650 4350 ad
665 4281 804 4372 electos,
828 4283 876 4353 sic
898 4282 1009 4378 legere
1029 4299 1104 4354 est:
1128 4308 1193 4354 nec
1216 4285 1372 4353 Mariam

124 4385 126 4392 ⁴
241 4393 379 4467 dubites
394 4397 570 4497 virginem
593 4398 771 4469 mansisse
783 4414 868 4496 post
881 4414 1031 4498 parterm
1045 4397 1144 4496 (ibid.
1150 4449 1162 4492 ,
1176 4423 1258 4498 pag.
1272 4395 1371 4493 312).
