2978 5076
227 345 291 430 1814
680 367 885 416 rnacrarus

221 523 240 556 a
259 493 359 562 nibus
378 492 502 563 rectius
524 507 680 563 teneatur
698 524 716 558 ι
745 491 894 584 (Labbe,¹
914 505 997 560 torn.
1021 493 1066 577 X,
1094 490 1216 585 pagina
1249 488 1345 582 144.)

271 609 484 703 Urgentibus
502 635 584 704 crgo
609 610 842 703 hujuscemodi
860 608 946 677 sedis
968 605 1170 701 Apostolicae
1190 605 1345 692 decretis,

221 723 434 793 mozarabico
444 721 579 818 liturgia
588 725 687 793 etiam
701 749 721 792 a
733 722 895 794 Toletana
907 721 1046 791 ecclesia
1057 722 1198 790 omnino
1209 718 1347 813 expulsa

222 853 285 926 cst,
299 853 401 932 atque
421 838 530 907 sactus
547 841 676 935 ubique
695 843 850 907 Romano
868 839 955 906 mori
974 835 1076 906 locus.
1092 839 1145 906 Ne
1163 849 1277 904 tamen
1292 835 1348 904 de·

222 953 376 1024 letentur
390 956 535 1049 pretiosa
554 954 624 1024 baec
648 954 859 1047 antiquitatis
880 967 1099 1022 monumenta
1123 966 1227 1044 atque
1251 951 1347 1020 testi-

223 1071 350 1154 monia,
380 1068 484 1163 longo
506 1085 581 1164 post
613 1085 782 1163 tempore,
812 1069 944 1138 curavit
971 1064 1160 1138 Cardiaalis
1189 1066 1347 1135 Ximenes

222 1181 335 1276 colligi
355 1199 456 1277 atque
476 1185 596 1254 excudi
624 1184 762 1254 mutilos
787 1187 849 1280 qui
871 1198 1101 1254 remanserant
1120 1183 1347 1250 mozarabicos

223 1296 327 1366 libros
339 1323 350 1384 3
371 1299 577 1394 obtentaque
590 1327 608 1370 a
629 1305 648 1369 J
652 1301 721 1369 ulio
735 1305 768 1370 ll
781 1305 938 1370 Homano
951 1299 1113 1368 Pontifice
1126 1297 1297 1374 lacttltate.
1313 1297 1347 1364 iu

223 1435 291 1479 una
320 1413 489 1484 Toletanae
511 1415 712 1484 cathedralis
737 1414 864 1510 capella
885 1430 920 1484 et
946 1415 980 1482 in
1008 1439 1065 1482 sex
1083 1411 1158 1482 aliis
1189 1410 1348 1496 ecclesiis,

222 1529 292 1596 ritu
310 1530 449 1622 gothico
468 1531 590 1599 iterum
609 1557 680 1600 rem
698 1531 851 1600 divinam
869 1532 984 1625 peragi
1005 1528 1192 1598 constituit.

271 1643 369 1712 Illam
395 1660 508 1714 autem
535 1644 680 1740 liturgiae
703 1650 867 1716 Romanae
898 1645 933 1713 in
966 1645 1145 1738 Hispanias
1165 1641 1349 1712 undecimo

223 1759 347 1828 sacculo
364 1760 663 1846 introductionem,
677 1776 836 1855 tanquam
847 1775 974 1830 certam
987 1758 1348 1842 babethomassinns‚

223 1877 284 1968 qui
310 1874 481 1946 nationale
506 1876 688 1946 concilium
715 1881 875 1948 laccensc
898 1877 933 1946 in
961 1875 1190 1944 testimonium
1212 1873 1349 1944 adducit

225 1989 278 2058 bis‘
294 1990 430 2058 verbis:

272 2131 290 2166 a
306 2104 464 2196 Ejusdem
474 2107 606 2199 generis
617 2107 679 2176 fuit
692 2107 873 2177 concilium
884 2111 1046 2176 laccense
1056 2129 1147 2175 anno
1161 2101 1266 2186 1060,
1281 2102 1349 2172 Ubi

225 2217 1350 2317 aofficiisecclesiasticisgothicaelinguaeexpunctisllomnnaadscita

226 2349 339 2404 «sum.
348 2337 636 2431 »(Tbomassinus‚
647 2339 777 2432 Discip.
786 2337 926 2428 Ecclas„
936 2353 1024 2432 part.
1035 2336 1136 2422 u,lib.
1148 2333 1264 2426 3‚cnp.
1278 2330 1350 2424 55.)

274 2454 320 2519 ll.
333 2451 498 2520 Relictam
513 2454 547 2521 in
558 2451 680 2523 Galliis
694 2467 894 2547 potestatem
907 2453 976 2522 sive
989 2450 1169 2520 ordinariis
1183 2448 1349 2534 locorum,

225 2568 296 2635 sire
315 2565 466 2635 conciliis
481 2567 756 2661 provincialibus,
778 2568 890 2662 quoad
910 2567 998 2637 leves
1016 2566 1219 2636 accessiones
1239 2587 1352 2632 corre·

226 2683 396 2750 ctionesve
415 2679 599 2773 liturgicus,
608 2683 708 2750 etiam
719 2697 793 2777 post
805 2684 951 2752 Romani
968 2684 1055 2752 ritus
1069 2680 1351 2750 introductionem

226 2810 260 2864 et
275 2798 396 2864 veteris
412 2795 566 2890 gallicani
585 2797 809 2867 sublationem
827 2814 948 2868 octavo
969 2797 1091 2868 saeculo
1108 2811 1293 2893 peractam,
1316 2797 1351 2864 in

226 2912 400 3006 superiore
419 2913 530 3006 capite
544 2913 789 2983 adnotavimus.
804 2914 898 2984 Idem
918 2939 1021 3009 porro
1040 2913 1244 2983 censendum
1262 2911 1352 2982 vidc-

226 3043 283 3096 tnr
317 3029 429 3121 quoad
451 3030 632 3123 Hispanias
654 3045 789 3125 peracta
815 3031 984 3100 undecimi
1006 3029 1118 3100 saculi
1140 3026 1351 3097 revolutione

225 3141 394 3235 liturgica.
417 3145 533 3236 Neque
545 3146 635 3213 enim
653 3163 731 3214 ante
746 3162 898 3214 sanctum
912 3147 1009 3214 Pium
1024 3145 1181 3237 quintum
1206 3141 1278 3211 ulla
1290 3168 1352 3212 oc·

226 3257 334 3324 currit
352 3257 535 3326 reservatio
549 3259 734 3353 pontificia,
748 3285 815 3354 qua
828 3261 1073 3354 prohibeantur
1085 3259 1248 3329 ordinarii
1266 3283 1352 3354 prae·

225 3371 284 3440 lati
306 3388 340 3441 ct
360 3373 542 3466 regionalia
557 3376 699 3445 concilia
717 3375 871 3445 formulis
891 3378 1052 3446 ritibusre
1070 3377 1231 3446 Romanis
1251 3373 1351 3470 quid·

227 3513 343 3582 (marn,
364 3491 465 3557 ctiam
489 3488 582 3579 leve‚'
600 3489 725 3560 addere
742 3491 794 3560 rel
814 3493 1001 3586 corrigere3
1025 3517 1045 3560 a
1072 3492 1197 3584 quibus
1223 3490 1353 3558 levibus

229 3602 522 3672 immutationibus
542 3629 612 3674 non
634 3605 792 3674 videntur
821 3607 1057 3699 Hispaniarum
1079 3605 1226 3674 ecclcsiae
1250 3604 1351 3672 absti-

228 3718 352 3785 nuisse.
363 3721 414 3787 Ex
425 3718 527 3812 hujus
542 3736 653 3790 tamen
666 3719 986 3815 quantulaecumque
999 3719 1169 3790 facultatis
1181 3719 1352 3802 exercitio,

228 3833 350 3900 sensim
374 3834 447 3904 sine
462 3859 561 3904 sensu
585 3835 749 3905 notabiles
776 3838 965 3906 necessario
983 3849 1095 3906 tractu
1117 3835 1278 3930 temporis
1288 3837 1355 3902 ite·

228 3971 305 4014 rum
328 3949 465 4017 oriturae
486 3967 583 4019 erant
608 3951 787 4020 varietates
805 3966 906 4045 atque
931 3949 1157 4020 incommoda.
1186 3948 1287 4018 Unde
1311 3971 1354 4016 cx

228 4061 301 4155 ipsa
324 4063 371 4129 rei
397 4079 518 4133 natura
538 4080 640 4159 atque
670 4065 921 4160 praeteritorum
953 4065 1122 4134 abusuum
1147 4062 1353 4157 experientia

227 4178 491 4270 exspectandum
504 4195 589 4266 erat,
607 4195 644 4248 ut
660 4179 854 4274 Apostolica
872 4179 966 4248 sedes
985 4193 1181 4272 potestatem
1194 4175 1353 4271 legislati-

228 4315 303 4359 vnm
322 4293 412 4362 circa
427 4320 497 4362 rem
512 4294 702 4388 liturgicam
714 4295 854 4362 omnino
872 4293 936 4362 sibi
956 4292 1138 4388 aliquando
1159 4304 1353 4374 reservaret,

227 4421 329 4500 atque
337 4408 642 4503 itaiuperpctuum
653 4407 817 4502 liturgica
826 4409 991 4478 unitatict
998 4410 1138 4504 puritati
1146 4406 1350 4504 provideret.
