<?xml version="1.0" encoding="UTF-8"?>
<!DOCTYPE html PUBLIC "-//W3C//DTD XHTML 1.0 Transitional//EN"
    "http://www.w3.org/TR/xhtml1/DTD/xhtml1-transitional.dtd">
<html xmlns="http://www.w3.org/1999/xhtml" xml:lang="en" lang="en">
 <head>
  <title>
</title>
<meta http-equiv="Content-Type" content="text/html;charset=utf-8" />
  <meta name='ocr-system' content='tesseract 3.04.00' />
  <meta name='ocr-capabilities' content='ocr_page ocr_carea ocr_par ocr_line ocrx_word'/>
</head>
<body>
  <div class='ocr_page' id='page_1' title='image "./tractatusdejure00bouigoog_0178.png"; bbox 0 0 2982 5072; ppageno 0'>
   <div class='ocr_carea' id='block_1_1' title="bbox 502 379 1257 454">
    <p class='ocr_par' dir='ltr' id='par_1_1' title="bbox 502 379 1257 454">
     <span class='ocr_line' id='line_1_1' title="bbox 502 379 1257 454; baseline 0.011 -8"><span class='ocrx_word' id='word_1_1' title='bbox 502 401 549 446; x_wconf 83' lang='lat' dir='ltr'><strong>ns</strong></span> <span class='ocrx_word' id='word_1_2' title='bbox 572 400 661 449; x_wconf 78' lang='lat' dir='ltr'><strong>suns</strong></span> <span class='ocrx_word' id='word_1_3' title='bbox 684 401 887 451; x_wconf 82' lang='lat' dir='ltr'><strong>nmunerco.</strong></span> <span class='ocrx_word' id='word_1_4' title='bbox 1065 383 1068 395; x_wconf 92' lang='lat'>&#39;</span> <span class='ocrx_word' id='word_1_5' title='bbox 1187 379 1257 454; x_wconf 85' lang='grc'><strong>165</strong></span> 
     </span>
    </p>
   </div>
   <div class='ocr_carea' id='block_1_2' title="bbox 124 521 1262 3745">
    <p class='ocr_par' dir='ltr' id='par_1_2' title="bbox 124 521 1262 3745">
     <span class='ocr_line' id='line_1_2' title="bbox 124 521 1258 621; baseline 0.005 -28"><span class='ocrx_word' id='word_1_6' title='bbox 124 535 237 594; x_wconf 89' lang='lat' dir='ltr'><strong>ctatus</strong></span> <span class='ocrx_word' id='word_1_7' title='bbox 251 521 294 592; x_wconf 92' lang='lat' dir='ltr'><strong>de</strong></span> <span class='ocrx_word' id='word_1_8' title='bbox 305 523 369 592; x_wconf 88' lang='lat' dir='ltr'><strong>hac</strong></span> <span class='ocrx_word' id='word_1_9' title='bbox 390 547 426 592; x_wconf 91' lang='lat' dir='ltr'><strong>re</strong></span> <span class='ocrx_word' id='word_1_10' title='bbox 437 521 594 618; x_wconf 79' lang='lat' dir='ltr'><strong>speciales</strong></span> <span class='ocrx_word' id='word_1_11' title='bbox 608 525 821 595; x_wconf 86' lang='lat' dir='ltr'><strong>remittendo.</strong></span> <span class='ocrx_word' id='word_1_12' title='bbox 837 525 876 595; x_wconf 93' lang='lat' dir='ltr'><strong>ld</strong></span> <span class='ocrx_word' id='word_1_13' title='bbox 896 551 937 595; x_wconf 81' lang='lat' dir='ltr'><strong>ex</strong></span> <span class='ocrx_word' id='word_1_14' title='bbox 952 551 1054 621; x_wconf 86' lang='lat' dir='ltr'><strong>supra</strong></span> <span class='ocrx_word' id='word_1_15' title='bbox 1066 525 1176 599; x_wconf 86' lang='lat' dir='ltr'><strong>allatis</strong></span> <span class='ocrx_word' id='word_1_16' title='bbox 1192 529 1258 599; x_wconf 90' lang='lat' dir='ltr'><strong>do·</strong></span> 
     </span>
     <span class='ocr_line' id='line_1_3' title="bbox 126 638 1255 738; baseline 0.007 -29"><span class='ocrx_word' id='word_1_17' title='bbox 126 640 295 710; x_wconf 86' lang='lat' dir='ltr'><strong>cumentis</strong></span> <span class='ocrx_word' id='word_1_18' title='bbox 313 653 444 708; x_wconf 91' lang='lat' dir='ltr'><strong>certum</strong></span> <span class='ocrx_word' id='word_1_19' title='bbox 459 653 526 722; x_wconf 88' lang='lat' dir='ltr'><strong>est,</strong></span> <span class='ocrx_word' id='word_1_20' title='bbox 549 640 592 709; x_wconf 86' lang='lat' dir='ltr'><strong>ab</strong></span> <span class='ocrx_word' id='word_1_21' title='bbox 607 638 766 736; x_wconf 88' lang='lat' dir='ltr'><strong>apostolis</strong></span> <span class='ocrx_word' id='word_1_22' title='bbox 793 643 874 738; x_wconf 89' lang='lat' dir='ltr'><strong>ipsis</strong></span> <span class='ocrx_word' id='word_1_23' title='bbox 892 645 947 738; x_wconf 91' lang='lat' dir='ltr'><strong>jus</strong></span> <span class='ocrx_word' id='word_1_24' title='bbox 969 643 1141 738; x_wconf 84' lang='lat' dir='ltr'>quoddam</span> <span class='ocrx_word' id='word_1_25' title='bbox 1156 645 1255 716; x_wconf 90' lang='lat' dir='ltr'><strong>litur-</strong></span> 
     </span>
     <span class='ocr_line' id='line_1_4' title="bbox 126 753 1262 848; baseline 0.009 -24"><span class='ocrx_word' id='word_1_26' title='bbox 126 755 242 848; x_wconf 90' lang='lat' dir='ltr'><strong>gicum</strong></span> <span class='ocrx_word' id='word_1_27' title='bbox 264 753 526 824; x_wconf 86' lang='lat' dir='ltr'><strong>determinatum</strong></span> <span class='ocrx_word' id='word_1_28' title='bbox 539 768 574 823; x_wconf 93' lang='lat' dir='ltr'><strong>et</strong></span> <span class='ocrx_word' id='word_1_29' title='bbox 587 756 810 828; x_wconf 89' lang='lat' dir='ltr'><strong>constitutum</strong></span> <span class='ocrx_word' id='word_1_30' title='bbox 834 757 950 848; x_wconf 83' lang='lat' dir='ltr'><strong>fuisse,</strong></span> <span class='ocrx_word' id='word_1_31' title='bbox 966 757 1045 829; x_wconf 87' lang='lat' dir='ltr'><strong>licet</strong></span> <span class='ocrx_word' id='word_1_32' title='bbox 1058 759 1101 829; x_wconf 91' lang='lat' dir='ltr'><strong>de</strong></span> <span class='ocrx_word' id='word_1_33' title='bbox 1115 762 1178 832; x_wconf 90' lang='lat' dir='ltr'><strong>hac</strong></span> <span class='ocrx_word' id='word_1_34' title='bbox 1196 775 1262 834; x_wconf 89' lang='lat' dir='ltr'><strong>aut</strong></span> 
     </span>
     <span class='ocr_line' id='line_1_5' title="bbox 126 869 1230 970; baseline 0.008 -32"><span class='ocrx_word' id='word_1_35' title='bbox 126 869 183 940; x_wconf 85' lang='lat' dir='ltr'><strong>illo</strong></span> <span class='ocrx_word' id='word_1_36' title='bbox 197 871 296 966; x_wconf 83' lang='lat' dir='ltr'><strong>praxi</strong></span> <span class='ocrx_word' id='word_1_37' title='bbox 311 871 454 965; x_wconf 87' lang='lat' dir='ltr'><strong>quaestio</strong></span> <span class='ocrx_word' id='word_1_38' title='bbox 468 895 540 940; x_wconf 90' lang='lat' dir='ltr'><strong>esse</strong></span> <span class='ocrx_word' id='word_1_39' title='bbox 554 872 660 966; x_wconf 84' lang='lat' dir='ltr'><strong>possit</strong></span> <span class='ocrx_word' id='word_1_40' title='bbox 673 897 717 942; x_wconf 84' lang='lat' dir='ltr'><strong>an</strong></span> <span class='ocrx_word' id='word_1_41' title='bbox 733 873 774 942; x_wconf 89' lang='lat' dir='ltr'><strong>sit</strong></span> <span class='ocrx_word' id='word_1_42' title='bbox 791 873 1014 945; x_wconf 87' lang='lat' dir='ltr'><strong>institutionis</strong></span> <span class='ocrx_word' id='word_1_43' title='bbox 1028 878 1230 970; x_wconf 73' lang='lat' dir='ltr'><strong>apostolieae.</strong></span> 
     </span>
     <span class='ocr_line' id='line_1_6' title="bbox 176 987 1258 1088; baseline 0.007 -32"><span class='ocrx_word' id='word_1_44' title='bbox 176 988 226 1058; x_wconf 92' lang='lat'><strong>11.</strong></span> <span class='ocrx_word' id='word_1_45' title='bbox 250 987 391 1056; x_wconf 88' lang='lat' dir='ltr'><strong>Variam</strong></span> <span class='ocrx_word' id='word_1_46' title='bbox 414 1000 525 1055; x_wconf 87' lang='lat' dir='ltr'><strong>tamen</strong></span> <span class='ocrx_word' id='word_1_47' title='bbox 550 989 586 1056; x_wconf 91' lang='lat' dir='ltr'><strong>in</strong></span> <span class='ocrx_word' id='word_1_48' title='bbox 611 987 732 1058; x_wconf 90' lang='lat' dir='ltr'><strong>ritibus</strong></span> <span class='ocrx_word' id='word_1_49' title='bbox 750 987 1014 1060; x_wconf 90' lang='lat' dir='ltr'><strong>accidentalibus</strong></span> <span class='ocrx_word' id='word_1_50' title='bbox 1032 1015 1095 1086; x_wconf 88' lang='lat' dir='ltr'><strong>pro</strong></span> <span class='ocrx_word' id='word_1_51' title='bbox 1112 990 1258 1088; x_wconf 90' lang='lat' dir='ltr'><strong>populo·</strong></span> 
     </span>
     <span class='ocr_line' id='line_1_7' title="bbox 126 1100 1258 1201; baseline 0.008 -31"><span class='ocrx_word' id='word_1_52' title='bbox 126 1126 203 1170; x_wconf 89' lang='lat' dir='ltr'><strong>rum</strong></span> <span class='ocrx_word' id='word_1_53' title='bbox 222 1100 416 1172; x_wconf 86' lang='lat' dir='ltr'><strong>diversitate</strong></span> <span class='ocrx_word' id='word_1_54' title='bbox 429 1102 621 1172; x_wconf 88' lang='lat' dir='ltr'><strong>institutam</strong></span> <span class='ocrx_word' id='word_1_55' title='bbox 641 1104 683 1172; x_wconf 86' lang='lat' dir='ltr'><strong>ab</strong></span> <span class='ocrx_word' id='word_1_56' title='bbox 698 1102 859 1198; x_wconf 88' lang='lat' dir='ltr'><strong>apostolis</strong></span> <span class='ocrx_word' id='word_1_57' title='bbox 880 1104 981 1174; x_wconf 89' lang='lat' dir='ltr'><strong>fuisse</strong></span> <span class='ocrx_word' id='word_1_58' title='bbox 1001 1103 1178 1201; x_wconf 84' lang='lat' dir='ltr'><strong>liturgiam</strong></span> <span class='ocrx_word' id='word_1_59' title='bbox 1198 1106 1258 1179; x_wconf 87' lang='lat' dir='ltr'><strong>ad·</strong></span> 
     </span>
     <span class='ocr_line' id='line_1_8' title="bbox 128 1216 1258 1316; baseline 0.006 -30"><span class='ocrx_word' id='word_1_60' title='bbox 128 1216 335 1286; x_wconf 89' lang='lat' dir='ltr'><strong>mittendum</strong></span> <span class='ocrx_word' id='word_1_61' title='bbox 362 1234 424 1287; x_wconf 91' lang='lat' dir='ltr'><strong>est.</strong></span> <span class='ocrx_word' id='word_1_62' title='bbox 450 1216 680 1288; x_wconf 86' lang='lat' dir='ltr'><strong>Accidentalia</strong></span> <span class='ocrx_word' id='word_1_63' title='bbox 712 1217 855 1316; x_wconf 88' lang='lat' dir='ltr'><strong>liturgiae</strong></span> <span class='ocrx_word' id='word_1_64' title='bbox 883 1219 1025 1291; x_wconf 83' lang='lat' dir='ltr'><strong>dicimus</strong></span> <span class='ocrx_word' id='word_1_65' title='bbox 1052 1247 1128 1316; x_wconf 88' lang='lat' dir='ltr'><strong>quae</strong></span> <span class='ocrx_word' id='word_1_66' title='bbox 1145 1247 1258 1293; x_wconf 89' lang='lat' dir='ltr'><strong>sacro·</strong></span> 
     </span>
     <span class='ocr_line' id='line_1_9' title="bbox 127 1331 1261 1427; baseline 0.004 -24"><span class='ocrx_word' id='word_1_67' title='bbox 127 1334 234 1404; x_wconf 85' lang='lat' dir='ltr'><strong>sancti</strong></span> <span class='ocrx_word' id='word_1_68' title='bbox 251 1331 405 1402; x_wconf 87' lang='lat' dir='ltr'><strong>sacrificii</strong></span> <span class='ocrx_word' id='word_1_69' title='bbox 429 1333 614 1427; x_wconf 72' lang='lat' dir='ltr'><strong>integritati</strong></span> <span class='ocrx_word' id='word_1_70' title='bbox 633 1347 666 1404; x_wconf 89' lang='lat' dir='ltr'><strong>ct</strong></span> <span class='ocrx_word' id='word_1_71' title='bbox 681 1349 970 1406; x_wconf 87' lang='lat' dir='ltr'><strong>sacramentorum</strong></span> <span class='ocrx_word' id='word_1_72' title='bbox 982 1333 1088 1406; x_wconf 84' lang='lat' dir='ltr'><strong>valeri</strong></span> <span class='ocrx_word' id='word_1_73' title='bbox 1105 1361 1261 1408; x_wconf 87' lang='lat' dir='ltr'><strong>necessa·</strong></span> 
     </span>
     <span class='ocr_line' id='line_1_10' title="bbox 129 1448 1260 1541; baseline 0.005 -23"><span class='ocrx_word' id='word_1_74' title='bbox 129 1450 176 1518; x_wconf 88' lang='lat' dir='ltr'><strong>ria</strong></span> <span class='ocrx_word' id='word_1_75' title='bbox 201 1471 273 1518; x_wconf 91' lang='lat' dir='ltr'><strong>non</strong></span> <span class='ocrx_word' id='word_1_76' title='bbox 292 1461 383 1518; x_wconf 88' lang='lat' dir='ltr'><strong>sunt.</strong></span> <span class='ocrx_word' id='word_1_77' title='bbox 399 1450 438 1516; x_wconf 94' lang='lat' dir='ltr'><strong>ln</strong></span> <span class='ocrx_word' id='word_1_78' title='bbox 453 1448 646 1541; x_wconf 88' lang='lat' dir='ltr'><strong>hujusmodi</strong></span> <span class='ocrx_word' id='word_1_79' title='bbox 666 1463 781 1520; x_wconf 86' lang='lat' dir='ltr'><strong>autem</strong></span> <span class='ocrx_word' id='word_1_80' title='bbox 803 1477 873 1520; x_wconf 91' lang='lat' dir='ltr'><strong>non</strong></span> <span class='ocrx_word' id='word_1_81' title='bbox 897 1451 1028 1522; x_wconf 85' lang='lat' dir='ltr'><strong>easdem</strong></span> <span class='ocrx_word' id='word_1_82' title='bbox 1047 1453 1188 1522; x_wconf 91' lang='lat' dir='ltr'><strong>omnino</strong></span> <span class='ocrx_word' id='word_1_83' title='bbox 1201 1478 1260 1524; x_wconf 87' lang='lat' dir='ltr'><strong>re·</strong></span> 
     </span>
     <span class='ocr_line' id='line_1_11' title="bbox 128 1563 1261 1662; baseline 0.002 -28"><span class='ocrx_word' id='word_1_84' title='bbox 128 1564 224 1659; x_wconf 87' lang='lat' dir='ltr'><strong>gulas</strong></span> <span class='ocrx_word' id='word_1_85' title='bbox 238 1563 555 1636; x_wconf 87' lang='lat' dir='ltr'><strong>omnibusecclesiis</strong></span> <span class='ocrx_word' id='word_1_86' title='bbox 567 1564 663 1634; x_wconf 91' lang='lat' dir='ltr'><strong>initio</strong></span> <span class='ocrx_word' id='word_1_87' title='bbox 682 1567 893 1662; x_wconf 75' lang='lat' dir='ltr'><strong>praescriptas</strong></span> <span class='ocrx_word' id='word_1_88' title='bbox 911 1567 1025 1656; x_wconf 83' lang='lat' dir='ltr'><strong>luisse,</strong></span> <span class='ocrx_word' id='word_1_89' title='bbox 1037 1582 1070 1636; x_wconf 88' lang='lat' dir='ltr'><strong>et</strong></span> <span class='ocrx_word' id='word_1_90' title='bbox 1089 1581 1261 1638; x_wconf 77' lang='lat' dir='ltr'><strong>testantur</strong></span> 
     </span>
     <span class='ocr_line' id='line_1_12' title="bbox 128 1679 1258 1778; baseline 0.002 -28"><span class='ocrx_word' id='word_1_91' title='bbox 128 1681 284 1777; x_wconf 89' lang='lat' dir='ltr'><strong>liturgica</strong></span> <span class='ocrx_word' id='word_1_92' title='bbox 304 1695 575 1768; x_wconf 87' lang='lat' dir='ltr'><strong>monumenta,et</strong></span> <span class='ocrx_word' id='word_1_93' title='bbox 593 1679 711 1750; x_wconf 85' lang='lat' dir='ltr'><strong>suadet</strong></span> <span class='ocrx_word' id='word_1_94' title='bbox 728 1685 828 1769; x_wconf 89' lang='lat' dir='ltr'><strong>ratio,</strong></span> <span class='ocrx_word' id='word_1_95' title='bbox 846 1707 909 1752; x_wconf 91' lang='lat' dir='ltr'><strong>nec</strong></span> <span class='ocrx_word' id='word_1_96' title='bbox 923 1698 975 1753; x_wconf 90' lang='lat' dir='ltr'><strong>est</strong></span> <span class='ocrx_word' id='word_1_97' title='bbox 990 1684 1048 1778; x_wconf 91' lang='lat' dir='ltr'><strong>qni</strong></span> <span class='ocrx_word' id='word_1_98' title='bbox 1060 1684 1096 1750; x_wconf 93' lang='lat' dir='ltr'><strong>in</strong></span> <span class='ocrx_word' id='word_1_99' title='bbox 1114 1681 1258 1752; x_wconf 90' lang='lat' dir='ltr'><strong>dubium</strong></span> 
     </span>
     <span class='ocr_line' id='line_1_13' title="bbox 128 1796 1262 1894; baseline 0.003 -27"><span class='ocrx_word' id='word_1_100' title='bbox 128 1811 277 1868; x_wconf 84' lang='lat' dir='ltr'><strong>revocet.</strong></span> <span class='ocrx_word' id='word_1_101' title='bbox 302 1797 461 1866; x_wconf 81' lang='lat' dir='ltr'><strong>Occurrit</strong></span> <span class='ocrx_word' id='word_1_102' title='bbox 480 1796 635 1891; x_wconf 83' lang='lat' dir='ltr'><strong>inprimis</strong></span> <span class='ocrx_word' id='word_1_103' title='bbox 655 1798 796 1872; x_wconf 82' lang='lat' dir='ltr'><strong>varietas</strong></span> <span class='ocrx_word' id='word_1_104' title='bbox 818 1799 854 1869; x_wconf 90' lang='lat' dir='ltr'><strong>in</strong></span> <span class='ocrx_word' id='word_1_105' title='bbox 879 1801 1023 1894; x_wconf 90' lang='lat' dir='ltr'><strong>ipsomet</strong></span> <span class='ocrx_word' id='word_1_106' title='bbox 1039 1799 1199 1870; x_wconf 85' lang='lat' dir='ltr'><strong>idiomate</strong></span> <span class='ocrx_word' id='word_1_107' title='bbox 1215 1797 1262 1870; x_wconf 86' lang='lat' dir='ltr'><strong>ad</strong></span> 
     </span>
     <span class='ocr_line' id='line_1_14' title="bbox 126 1909 1261 2011; baseline 0 -27"><span class='ocrx_word' id='word_1_108' title='bbox 126 1912 355 2010; x_wconf 75' lang='lat' dir='ltr'><strong>peragendam</strong></span> <span class='ocrx_word' id='word_1_109' title='bbox 370 1935 442 1982; x_wconf 89' lang='lat' dir='ltr'><strong>rem</strong></span> <span class='ocrx_word' id='word_1_110' title='bbox 458 1909 649 2008; x_wconf 90' lang='lat' dir='ltr'><strong>liturgicam</strong></span> <span class='ocrx_word' id='word_1_111' title='bbox 662 1912 828 1984; x_wconf 88' lang='lat' dir='ltr'><strong>adhibito.</strong></span> <span class='ocrx_word' id='word_1_112' title='bbox 847 1915 1004 1984; x_wconf 83' lang='lat' dir='ltr'><strong>Latinam</strong></span> <span class='ocrx_word' id='word_1_113' title='bbox 1019 1913 1169 2009; x_wconf 90' lang='lat' dir='ltr'><strong>linguam</strong></span> <span class='ocrx_word' id='word_1_114' title='bbox 1182 1939 1261 2011; x_wconf 87' lang='lat' dir='ltr'><strong>pro·</strong></span> 
     </span>
     <span class='ocr_line' id='line_1_15' title="bbox 126 2027 1258 2124; baseline 0 -23"><span class='ocrx_word' id='word_1_115' title='bbox 126 2029 291 2102; x_wconf 90' lang='lat' dir='ltr'><strong>culdubio</strong></span> <span class='ocrx_word' id='word_1_116' title='bbox 314 2029 349 2098; x_wconf 92' lang='lat' dir='ltr'><strong>in</strong></span> <span class='ocrx_word' id='word_1_117' title='bbox 374 2027 584 2097; x_wconf 78' lang='lat' dir='ltr'><strong>Antiocheno</strong></span> <span class='ocrx_word' id='word_1_118' title='bbox 613 2027 751 2098; x_wconf 87' lang='lat' dir='ltr'><strong>ecelesia</strong></span> <span class='ocrx_word' id='word_1_119' title='bbox 775 2043 909 2100; x_wconf 90' lang='lat' dir='ltr'><strong>sanctus</strong></span> <span class='ocrx_word' id='word_1_120' title='bbox 930 2033 1052 2099; x_wconf 90' lang='lat' dir='ltr'><strong>Petrus</strong></span> <span class='ocrx_word' id='word_1_121' title='bbox 1079 2055 1149 2099; x_wconf 91' lang='lat' dir='ltr'><strong>non</strong></span> <span class='ocrx_word' id='word_1_122' title='bbox 1169 2055 1258 2124; x_wconf 83' lang='lat' dir='ltr'><strong>prae·</strong></span> 
     </span>
     <span class='ocr_line' id='line_1_16' title="bbox 125 2145 1257 2244; baseline -0.003 -25"><span class='ocrx_word' id='word_1_123' title='bbox 125 2149 274 2243; x_wconf 86' lang='lat' dir='ltr'><strong>scripsit,</strong></span> <span class='ocrx_word' id='word_1_124' title='bbox 290 2172 352 2217; x_wconf 93' lang='lat' dir='ltr'><strong>nec</strong></span> <span class='ocrx_word' id='word_1_125' title='bbox 366 2171 509 2244; x_wconf 71' lang='lat' dir='ltr'><strong>graecam</strong></span> <span class='ocrx_word' id='word_1_126' title='bbox 525 2161 583 2215; x_wconf 88' lang='lat' dir='ltr'><strong>ant</strong></span> <span class='ocrx_word' id='word_1_127' title='bbox 600 2145 932 2239; x_wconf 85' lang='lat' dir='ltr'><strong>hierosolymitanam</strong></span> <span class='ocrx_word' id='word_1_128' title='bbox 945 2151 1075 2216; x_wconf 87' lang='lat' dir='ltr'><strong>Romae.</strong></span> <span class='ocrx_word' id='word_1_129' title='bbox 1094 2145 1257 2240; x_wconf 86' lang='lat' dir='ltr'><strong>Alioquin</strong></span> 
     </span>
     <span class='ocr_line' id='line_1_17' title="bbox 126 2260 1259 2356; baseline -0.002 -23"><span class='ocrx_word' id='word_1_130' title='bbox 126 2263 182 2333; x_wconf 89' lang='lat' dir='ltr'><strong>vel</strong></span> <span class='ocrx_word' id='word_1_131' title='bbox 197 2260 427 2333; x_wconf 86' lang='lat' dir='ltr'><strong>Orientalium</strong></span> <span class='ocrx_word' id='word_1_132' title='bbox 445 2261 812 2355; x_wconf 77' lang='lat' dir='ltr'><strong>idiomatcconscriptae</strong></span> <span class='ocrx_word' id='word_1_133' title='bbox 822 2262 1048 2356; x_wconf 81' lang='lat' dir='ltr'><strong>reperirentur</strong></span> <span class='ocrx_word' id='word_1_134' title='bbox 1060 2260 1259 2331; x_wconf 90' lang='lat' dir='ltr'><strong>Occidentis</strong></span> 
     </span>
     <span class='ocr_line' id='line_1_18' title="bbox 126 2375 1256 2475; baseline -0.003 -25"><span class='ocrx_word' id='word_1_135' title='bbox 126 2380 274 2474; x_wconf 68' lang='lat' dir='ltr'><strong>antiquae</strong></span> <span class='ocrx_word' id='word_1_136' title='bbox 298 2375 456 2473; x_wconf 74' lang='lat' dir='ltr'><strong>liturgia,</strong></span> <span class='ocrx_word' id='word_1_137' title='bbox 491 2375 544 2446; x_wconf 81' lang='lat' dir='ltr'><strong>rel</strong></span> <span class='ocrx_word' id='word_1_138' title='bbox 575 2399 718 2446; x_wconf 84' lang='lat' dir='ltr'><strong>romano</strong></span> <span class='ocrx_word' id='word_1_139' title='bbox 745 2377 909 2446; x_wconf 88' lang='lat' dir='ltr'><strong>Orientis.</strong></span> <span class='ocrx_word' id='word_1_140' title='bbox 940 2375 1148 2472; x_wconf 82' lang='lat' dir='ltr'><strong>Populorum</strong></span> <span class='ocrx_word' id='word_1_141' title='bbox 1172 2402 1256 2475; x_wconf 90' lang='lat' dir='ltr'><strong>ergo</strong></span> 
     </span>
     <span class='ocr_line' id='line_1_19' title="bbox 124 2491 1258 2590; baseline -0.002 -27"><span class='ocrx_word' id='word_1_142' title='bbox 124 2510 229 2590; x_wconf 89' lang='lat' dir='ltr'><strong>atque</strong></span> <span class='ocrx_word' id='word_1_143' title='bbox 252 2493 429 2588; x_wconf 90' lang='lat' dir='ltr'><strong>regionum</strong></span> <span class='ocrx_word' id='word_1_144' title='bbox 458 2491 609 2561; x_wconf 88' lang='lat' dir='ltr'><strong>idiomati</strong></span> <span class='ocrx_word' id='word_1_145' title='bbox 629 2507 660 2560; x_wconf 89' lang='lat' dir='ltr'><strong>et</strong></span> <span class='ocrx_word' id='word_1_146' title='bbox 680 2492 751 2588; x_wconf 88' lang='lat' dir='ltr'><strong>ipse</strong></span> <span class='ocrx_word' id='word_1_147' title='bbox 768 2507 904 2562; x_wconf 88' lang='lat' dir='ltr'><strong>sanctus</strong></span> <span class='ocrx_word' id='word_1_148' title='bbox 928 2495 1047 2562; x_wconf 90' lang='lat' dir='ltr'><strong>Petrus</strong></span> <span class='ocrx_word' id='word_1_149' title='bbox 1066 2506 1101 2561; x_wconf 91' lang='lat' dir='ltr'><strong>et</strong></span> <span class='ocrx_word' id='word_1_150' title='bbox 1122 2505 1258 2586; x_wconf 89' lang='lat' dir='ltr'><strong>aposto·</strong></span> 
     </span>
     <span class='ocr_line' id='line_1_20' title="bbox 126 2606 1255 2704; baseline -0.003 -25"><span class='ocrx_word' id='word_1_151' title='bbox 126 2607 238 2679; x_wconf 87' lang='lat' dir='ltr'><strong>lorum</strong></span> <span class='ocrx_word' id='word_1_152' title='bbox 259 2609 403 2704; x_wconf 91' lang='lat' dir='ltr'><strong>quisque</strong></span> <span class='ocrx_word' id='word_1_153' title='bbox 422 2606 593 2702; x_wconf 83' lang='lat' dir='ltr'><strong>liturgiam</strong></span> <span class='ocrx_word' id='word_1_154' title='bbox 620 2607 898 2677; x_wconf 83' lang='lat' dir='ltr'><strong>accommodarit.</strong></span> <span class='ocrx_word' id='word_1_155' title='bbox 914 2606 1018 2698; x_wconf 85' lang='lat' dir='ltr'><strong>Quod</strong></span> <span class='ocrx_word' id='word_1_156' title='bbox 1036 2608 1084 2678; x_wconf 92' lang='lat' dir='ltr'><strong>sic</strong></span> <span class='ocrx_word' id='word_1_157' title='bbox 1103 2607 1255 2676; x_wconf 87' lang='lat' dir='ltr'><strong>animad-</strong></span> 
     </span>
     <span class='ocr_line' id='line_1_21' title="bbox 126 2720 1257 2817; baseline -0.002 -23"><span class='ocrx_word' id='word_1_158' title='bbox 126 2725 228 2794; x_wconf 84' lang='lat' dir='ltr'><strong>vertit</strong></span> <span class='ocrx_word' id='word_1_159' title='bbox 243 2720 381 2794; x_wconf 87' lang='lat' dir='ltr'><strong>Lesleus</strong></span> <span class='ocrx_word' id='word_1_160' title='bbox 399 2748 408 2792; x_wconf 91' lang='lat'><strong>:</strong></span> <span class='ocrx_word' id='word_1_161' title='bbox 430 2720 647 2817; x_wconf 71' lang='lat' dir='ltr'><strong>«Apostolus</strong></span> <span class='ocrx_word' id='word_1_162' title='bbox 662 2723 781 2794; x_wconf 90' lang='lat' dir='ltr'><strong>Petrus</strong></span> <span class='ocrx_word' id='word_1_163' title='bbox 796 2722 831 2791; x_wconf 92' lang='lat' dir='ltr'><strong>in</strong></span> <span class='ocrx_word' id='word_1_164' title='bbox 856 2721 1047 2810; x_wconf 88' lang='lat' dir='ltr'><strong>Palaestina,</strong></span> <span class='ocrx_word' id='word_1_165' title='bbox 1070 2722 1257 2792; x_wconf 76' lang='lat' dir='ltr'><strong>Antiochiae</strong></span> 
     </span>
     <span class='ocr_line' id='line_1_22' title="bbox 126 2833 1261 2932; baseline 0.001 -29"><span class='ocrx_word' id='word_1_166' title='bbox 126 2869 143 2903; x_wconf 77' lang='lat' dir='ltr'><strong>a</strong></span> <span class='ocrx_word' id='word_1_167' title='bbox 162 2854 198 2909; x_wconf 92' lang='lat' dir='ltr'><strong>et</strong></span> <span class='ocrx_word' id='word_1_168' title='bbox 217 2839 253 2907; x_wconf 92' lang='lat' dir='ltr'><strong>in</strong></span> <span class='ocrx_word' id='word_1_169' title='bbox 270 2839 381 2932; x_wconf 81' lang='lat' dir='ltr'><strong>Syria,</strong></span> <span class='ocrx_word' id='word_1_170' title='bbox 398 2840 432 2906; x_wconf 93' lang='lat' dir='ltr'><strong>in</strong></span> <span class='ocrx_word' id='word_1_171' title='bbox 446 2839 571 2926; x_wconf 87' lang='lat' dir='ltr'><strong>Ponto,</strong></span> <span class='ocrx_word' id='word_1_172' title='bbox 590 2837 623 2906; x_wconf 92' lang='lat' dir='ltr'><strong>in</strong></span> <span class='ocrx_word' id='word_1_173' title='bbox 634 2836 779 2926; x_wconf 80' lang='lat' dir='ltr'><strong>Galatia,</strong></span> <span class='ocrx_word' id='word_1_174' title='bbox 791 2839 952 2908; x_wconf 87' lang='lat' dir='ltr'><strong>Romaein</strong></span> <span class='ocrx_word' id='word_1_175' title='bbox 963 2833 1074 2925; x_wconf 87' lang='lat' dir='ltr'><strong>Italia,</strong></span> <span class='ocrx_word' id='word_1_176' title='bbox 1089 2852 1123 2908; x_wconf 88' lang='lat' dir='ltr'><strong>et</strong></span> <span class='ocrx_word' id='word_1_177' title='bbox 1138 2837 1172 2905; x_wconf 91' lang='lat' dir='ltr'><strong>in</strong></span> <span class='ocrx_word' id='word_1_178' title='bbox 1183 2835 1261 2905; x_wconf 87' lang='lat' dir='ltr'><strong>aliis</strong></span> 
     </span>
     <span class='ocr_line' id='line_1_23' title="bbox 125 2949 1258 3048; baseline 0 -30"><span class='ocrx_word' id='word_1_179' title='bbox 125 2985 141 3018; x_wconf 78' lang='lat' dir='ltr'><strong>a</strong></span> <span class='ocrx_word' id='word_1_180' title='bbox 160 2954 315 3025; x_wconf 87' lang='lat' dir='ltr'><strong>Orientis</strong></span> <span class='ocrx_word' id='word_1_181' title='bbox 341 2968 376 3023; x_wconf 90' lang='lat' dir='ltr'><strong>et</strong></span> <span class='ocrx_word' id='word_1_182' title='bbox 394 2951 588 3022; x_wconf 89' lang='lat' dir='ltr'><strong>Occidentis</strong></span> <span class='ocrx_word' id='word_1_183' title='bbox 609 2953 791 3048; x_wconf 86' lang='lat' dir='ltr'><strong>provinciis</strong></span> <span class='ocrx_word' id='word_1_184' title='bbox 809 2951 1045 3021; x_wconf 88' lang='lat' dir='ltr'><strong>eucharistiam</strong></span> <span class='ocrx_word' id='word_1_185' title='bbox 1065 2975 1135 3020; x_wconf 92' lang='lat' dir='ltr'><strong>non</strong></span> <span class='ocrx_word' id='word_1_186' title='bbox 1153 2949 1258 3020; x_wconf 89' lang='lat' dir='ltr'><strong>semel</strong></span> 
     </span>
     <span class='ocr_line' id='line_1_24' title="bbox 125 3065 1260 3161; baseline 0 -27"><span class='ocrx_word' id='word_1_187' title='bbox 125 3101 142 3134; x_wconf 78' lang='lat' dir='ltr'><strong>a</strong></span> <span class='ocrx_word' id='word_1_188' title='bbox 162 3067 359 3140; x_wconf 87' lang='lat' dir='ltr'><strong>celebravit.</strong></span> <span class='ocrx_word' id='word_1_189' title='bbox 382 3071 474 3139; x_wconf 88' lang='lat' dir='ltr'><strong>Num</strong></span> <span class='ocrx_word' id='word_1_190' title='bbox 490 3067 609 3137; x_wconf 81' lang='lat' dir='ltr'><strong>eodem</strong></span> <span class='ocrx_word' id='word_1_191' title='bbox 634 3067 701 3135; x_wconf 89' lang='lat' dir='ltr'><strong>ritu</strong></span> <span class='ocrx_word' id='word_1_192' title='bbox 721 3065 737 3134; x_wconf 76' lang='lat' dir='ltr'><strong>i</strong></span> <span class='ocrx_word' id='word_1_193' title='bbox 757 3067 793 3135; x_wconf 91' lang='lat' dir='ltr'><strong>Si</strong></span> <span class='ocrx_word' id='word_1_194' title='bbox 808 3065 944 3151; x_wconf 87' lang='lat' dir='ltr'><strong>annuis,</strong></span> <span class='ocrx_word' id='word_1_195' title='bbox 964 3089 1082 3161; x_wconf 86' lang='lat' dir='ltr'><strong>quaero</strong></span> <span class='ocrx_word' id='word_1_196' title='bbox 1104 3090 1188 3134; x_wconf 91' lang='lat' dir='ltr'><strong>num</strong></span> <span class='ocrx_word' id='word_1_197' title='bbox 1202 3090 1260 3156; x_wconf 53' lang='lat' dir='ltr'><strong>rof</strong></span> 
     </span>
     <span class='ocr_line' id='line_1_25' title="bbox 128 3173 1262 3277; baseline 0 -26"><span class='ocrx_word' id='word_1_198' title='bbox 128 3211 278 3272; x_wconf 74' lang='lat' dir='ltr'><strong>«marro,</strong></span> <span class='ocrx_word' id='word_1_199' title='bbox 293 3209 374 3252; x_wconf 87' lang='lat' dir='ltr'><strong>num</strong></span> <span class='ocrx_word' id='word_1_200' title='bbox 394 3173 723 3277; x_wconf 81' lang='lat' dir='ltr'><strong>hierosolymitano?</strong></span> <span class='ocrx_word' id='word_1_201' title='bbox 744 3181 781 3252; x_wconf 86' lang='lat' dir='ltr'><strong>si</strong></span> <span class='ocrx_word' id='word_1_202' title='bbox 799 3207 954 3273; x_wconf 88' lang='lat' dir='ltr'><strong>romano,</strong></span> <span class='ocrx_word' id='word_1_203' title='bbox 976 3207 1038 3252; x_wconf 84' lang='lat' dir='ltr'><strong>eur</strong></span> <span class='ocrx_word' id='word_1_204' title='bbox 1058 3183 1092 3253; x_wconf 89' lang='lat' dir='ltr'><strong>iu</strong></span> <span class='ocrx_word' id='word_1_205' title='bbox 1112 3182 1262 3274; x_wconf 83' lang='lat' dir='ltr'><strong>Oriente</strong></span> 
     </span>
     <span class='ocr_line' id='line_1_26' title="bbox 125 3299 1255 3401; baseline -0.004 -29"><span class='ocrx_word' id='word_1_206' title='bbox 125 3337 143 3372; x_wconf 81' lang='lat' dir='ltr'><strong>a</strong></span> <span class='ocrx_word' id='word_1_207' title='bbox 163 3306 302 3401; x_wconf 91' lang='lat' dir='ltr'><strong>liturgia</strong></span> <span class='ocrx_word' id='word_1_208' title='bbox 318 3324 458 3373; x_wconf 86' lang='lat' dir='ltr'><strong>romana</strong></span> <span class='ocrx_word' id='word_1_209' title='bbox 482 3301 611 3371; x_wconf 89' lang='lat' dir='ltr'><strong>nullibi·</strong></span> <span class='ocrx_word' id='word_1_210' title='bbox 622 3299 799 3372; x_wconf 84' lang='lat' dir='ltr'><strong>obtinuit?</strong></span> <span class='ocrx_word' id='word_1_211' title='bbox 813 3301 849 3372; x_wconf 88' lang='lat' dir='ltr'><strong>si</strong></span> <span class='ocrx_word' id='word_1_212' title='bbox 864 3299 1176 3394; x_wconf 87' lang='lat' dir='ltr'><strong>hierosolymitano,</strong></span> <span class='ocrx_word' id='word_1_213' title='bbox 1191 3325 1255 3368; x_wconf 85' lang='lat' dir='ltr'><strong>cur</strong></span> 
     </span>
     <span class='ocr_line' id='line_1_27' title="bbox 128 3412 1255 3492; baseline -0.004 -6"><span class='ocrx_word' id='word_1_214' title='bbox 128 3453 143 3486; x_wconf 78' lang='lat' dir='ltr'><strong>a</strong></span> <span class='ocrx_word' id='word_1_215' title='bbox 164 3421 222 3492; x_wconf 90' lang='lat' dir='ltr'><strong>hic</strong></span> <span class='ocrx_word' id='word_1_216' title='bbox 246 3422 332 3489; x_wconf 88' lang='lat' dir='ltr'><strong>ritus</strong></span> <span class='ocrx_word' id='word_1_217' title='bbox 354 3425 470 3491; x_wconf 90' lang='lat' dir='ltr'><strong>Romae</strong></span> <span class='ocrx_word' id='word_1_218' title='bbox 491 3419 579 3488; x_wconf 90' lang='lat' dir='ltr'><strong>etin</strong></span> <span class='ocrx_word' id='word_1_219' title='bbox 602 3417 789 3488; x_wconf 87' lang='lat' dir='ltr'><strong>Occidente</strong></span> <span class='ocrx_word' id='word_1_220' title='bbox 805 3415 973 3484; x_wconf 87' lang='lat' dir='ltr'><strong>admissus</strong></span> <span class='ocrx_word' id='word_1_221' title='bbox 994 3439 1064 3482; x_wconf 92' lang='lat' dir='ltr'><strong>non</strong></span> <span class='ocrx_word' id='word_1_222' title='bbox 1081 3414 1147 3482; x_wconf 90' lang='lat' dir='ltr'><strong>suit</strong></span> <span class='ocrx_word' id='word_1_223' title='bbox 1162 3412 1176 3479; x_wconf 71' lang='grc' dir='ltr'>Ρ</span> <span class='ocrx_word' id='word_1_224' title='bbox 1191 3415 1255 3482; x_wconf 88' lang='lat' dir='ltr'><strong>Est</strong></span> 
     </span>
     <span class='ocr_line' id='line_1_28' title="bbox 127 3527 1260 3633; baseline -0.004 -31"><span class='ocrx_word' id='word_1_225' title='bbox 127 3537 269 3633; x_wconf 73' lang='lat' dir='ltr'><strong>«igitur</strong></span> <span class='ocrx_word' id='word_1_226' title='bbox 287 3533 450 3605; x_wconf 88' lang='lat' dir='ltr'><strong>credibile</strong></span> <span class='ocrx_word' id='word_1_227' title='bbox 480 3548 634 3603; x_wconf 89' lang='lat' dir='ltr'><strong>sanctum</strong></span> <span class='ocrx_word' id='word_1_228' title='bbox 663 3535 800 3602; x_wconf 85' lang='lat' dir='ltr'><strong>Petrum</strong></span> <span class='ocrx_word' id='word_1_229' title='bbox 829 3544 864 3601; x_wconf 92' lang='lat' dir='ltr'><strong>et</strong></span> <span class='ocrx_word' id='word_1_230' title='bbox 885 3530 969 3600; x_wconf 91' lang='lat' dir='ltr'><strong>alios</strong></span> <span class='ocrx_word' id='word_1_231' title='bbox 995 3528 1167 3625; x_wconf 90' lang='lat' dir='ltr'><strong>apostolos</strong></span> <span class='ocrx_word' id='word_1_232' title='bbox 1197 3527 1260 3598; x_wconf 89' lang='lat' dir='ltr'><strong>uni</strong></span> 
     </span>
     <span class='ocr_line' id='line_1_29' title="bbox 126 3639 1258 3745; baseline -0.004 -31"><span class='ocrx_word' id='word_1_233' title='bbox 126 3679 144 3714; x_wconf 78' lang='lat' dir='ltr'><strong>a</strong></span> <span class='ocrx_word' id='word_1_234' title='bbox 163 3650 341 3745; x_wconf 89' lang='lat' dir='ltr'><strong>eidemque</strong></span> <span class='ocrx_word' id='word_1_235' title='bbox 355 3646 499 3744; x_wconf 83' lang='lat' dir='ltr'><strong>liturgiae</strong></span> <span class='ocrx_word' id='word_1_236' title='bbox 516 3661 711 3717; x_wconf 89' lang='lat' dir='ltr'><strong>constanter</strong></span> <span class='ocrx_word' id='word_1_237' title='bbox 723 3671 792 3715; x_wconf 92' lang='lat' dir='ltr'><strong>non</strong></span> <span class='ocrx_word' id='word_1_238' title='bbox 807 3645 985 3715; x_wconf 76' lang='lat' dir='ltr'><strong>adhaesisse</strong></span> <span class='ocrx_word' id='word_1_239' title='bbox 1016 3673 1034 3710; x_wconf 77' lang='grc'><strong>1</strong></span> <span class='ocrx_word' id='word_1_240' title='bbox 1050 3642 1064 3739; x_wconf 89' lang='grc'>(</span> <span class='ocrx_word' id='word_1_241' title='bbox 1081 3643 1115 3712; x_wconf 95' lang='lat' dir='ltr'><strong>in</strong></span> <span class='ocrx_word' id='word_1_242' title='bbox 1127 3639 1258 3713; x_wconf 83' lang='lat' dir='ltr'><strong>llissale</strong></span> 
     </span>
    </p>
   </div>
   <div class='ocr_carea' id='block_1_3' title="bbox 126 3756 1382 3860">
    <p class='ocr_par' dir='ltr' id='par_1_3' title="bbox 126 3756 1382 3860">
     <span class='ocr_line' id='line_1_30' title="bbox 126 3756 1382 3860; baseline -0.01 -25"><span class='ocrx_word' id='word_1_243' title='bbox 126 3765 297 3835; x_wconf 86' lang='lat' dir='ltr'><strong>mozarab.</strong></span> <span class='ocrx_word' id='word_1_244' title='bbox 321 3762 450 3860; x_wconf 85' lang='lat' dir='ltr'><strong>praelat.</strong></span> <span class='ocrx_word' id='word_1_245' title='bbox 473 3763 513 3832; x_wconf 92' lang='lat' dir='ltr'><strong>n⁰</strong></span> <span class='ocrx_word' id='word_1_246' title='bbox 536 3763 617 3852; x_wconf 86' lang='grc'>161,</span> <span class='ocrx_word' id='word_1_247' title='bbox 638 3760 741 3858; x_wconf 75' lang='lat' dir='ltr'><strong>not).</strong></span> <span class='ocrx_word' id='word_1_248' title='bbox 765 3761 946 3834; x_wconf 75' lang='lat' dir='ltr'><strong>Si0nutem</strong></span> <span class='ocrx_word' id='word_1_249' title='bbox 967 3761 1145 3856; x_wconf 89' lang='lat' dir='ltr'><strong>regionum</strong></span> <span class='ocrx_word' id='word_1_250' title='bbox 1167 3756 1261 3826; x_wconf 89' lang='lat' dir='ltr'><strong>idio-</strong></span> <span class='ocrx_word' id='word_1_251' title='bbox 1380 3857 1382 3860; x_wconf 15' lang='grc' dir='ltr'>Ι</span> 
     </span>
    </p>
   </div>
   <div class='ocr_carea' id='block_1_4' title="bbox 126 3871 1261 4323">
    <p class='ocr_par' dir='ltr' id='par_1_4' title="bbox 126 3871 1261 4323">
     <span class='ocr_line' id='line_1_31' title="bbox 126 3871 1261 3974; baseline -0.008 -22"><span class='ocrx_word' id='word_1_252' title='bbox 126 3882 210 3951; x_wconf 89' lang='lat' dir='ltr'><strong>mati</strong></span> <span class='ocrx_word' id='word_1_253' title='bbox 236 3905 307 3950; x_wconf 89' lang='lat' dir='ltr'><strong>sese</strong></span> <span class='ocrx_word' id='word_1_254' title='bbox 322 3877 621 3950; x_wconf 85' lang='lat' dir='ltr'><strong>accommodarunt</strong></span> <span class='ocrx_word' id='word_1_255' title='bbox 638 3875 792 3974; x_wconf 88' lang='lat' dir='ltr'><strong>apostoli,</strong></span> <span class='ocrx_word' id='word_1_256' title='bbox 813 3878 889 3971; x_wconf 88' lang='lat' dir='ltr'><strong>quis</strong></span> <span class='ocrx_word' id='word_1_257' title='bbox 904 3875 1037 3945; x_wconf 87' lang='lat' dir='ltr'><strong>dubitet</strong></span> <span class='ocrx_word' id='word_1_258' title='bbox 1052 3898 1109 3942; x_wconf 86' lang='lat' dir='ltr'><strong>eos</strong></span> <span class='ocrx_word' id='word_1_259' title='bbox 1128 3873 1163 3940; x_wconf 92' lang='lat' dir='ltr'><strong>in</strong></span> <span class='ocrx_word' id='word_1_260' title='bbox 1173 3871 1261 3943; x_wconf 92' lang='lat' dir='ltr'><strong>mul·</strong></span> 
     </span>
     <span class='ocr_line' id='line_1_32' title="bbox 128 3987 1260 4091; baseline -0.007 -25"><span class='ocrx_word' id='word_1_261' title='bbox 128 3999 170 4068; x_wconf 91' lang='lat' dir='ltr'><strong>tis</strong></span> <span class='ocrx_word' id='word_1_262' title='bbox 190 3995 266 4067; x_wconf 88' lang='lat' dir='ltr'><strong>aliis</strong></span> <span class='ocrx_word' id='word_1_263' title='bbox 283 3994 491 4091; x_wconf 88' lang='lat' dir='ltr'><strong>populorum</strong></span> <span class='ocrx_word' id='word_1_264' title='bbox 510 3995 671 4063; x_wconf 87' lang='lat' dir='ltr'><strong>usibuset</strong></span> <span class='ocrx_word' id='word_1_265' title='bbox 683 3991 789 4061; x_wconf 92' lang='lat' dir='ltr'><strong>indoli</strong></span> <span class='ocrx_word' id='word_1_266' title='bbox 808 4017 936 4060; x_wconf 82' lang='lat' dir='ltr'><strong>morem</strong></span> <span class='ocrx_word' id='word_1_267' title='bbox 959 3990 1096 4086; x_wconf 84' lang='lat' dir='ltr'><strong>gessisse</strong></span> <span class='ocrx_word' id='word_1_268' title='bbox 1116 3987 1260 4060; x_wconf 81' lang='lat' dir='ltr'><strong>iLitur·</strong></span> 
     </span>
     <span class='ocr_line' id='line_1_33' title="bbox 127 4105 1258 4208; baseline -0.006 -26"><span class='ocrx_word' id='word_1_269' title='bbox 127 4114 262 4208; x_wconf 71' lang='lat' dir='ltr'><strong>giacum</strong></span> <span class='ocrx_word' id='word_1_270' title='bbox 279 4133 364 4207; x_wconf 89' lang='lat' dir='ltr'><strong>ergo</strong></span> <span class='ocrx_word' id='word_1_271' title='bbox 386 4109 420 4180; x_wconf 93' lang='lat' dir='ltr'><strong>in</strong></span> <span class='ocrx_word' id='word_1_272' title='bbox 446 4109 650 4205; x_wconf 90' lang='lat' dir='ltr'><strong>quibusdam</strong></span> <span class='ocrx_word' id='word_1_273' title='bbox 678 4105 941 4178; x_wconf 86' lang='lat' dir='ltr'><strong>accidentalibus</strong></span> <span class='ocrx_word' id='word_1_274' title='bbox 967 4108 1110 4178; x_wconf 85' lang='lat' dir='ltr'><strong>varietas</strong></span> <span class='ocrx_word' id='word_1_275' title='bbox 1134 4121 1168 4175; x_wconf 91' lang='lat' dir='ltr'><strong>et</strong></span> <span class='ocrx_word' id='word_1_276' title='bbox 1186 4105 1258 4200; x_wconf 81' lang='lat' dir='ltr'><strong>ipsa</strong></span> 
     </span>
     <span class='ocr_line' id='line_1_34' title="bbox 129 4219 908 4323; baseline 0.001 -30"><span class='ocrx_word' id='word_1_277' title='bbox 129 4226 357 4297; x_wconf 88' lang='lat' dir='ltr'><strong>institutionis</strong></span> <span class='ocrx_word' id='word_1_278' title='bbox 377 4225 570 4323; x_wconf 88' lang='lat' dir='ltr'><strong>apostolicae</strong></span> <span class='ocrx_word' id='word_1_279' title='bbox 587 4223 754 4296; x_wconf 77' lang='lat' dir='ltr'><strong>cernenda</strong></span> <span class='ocrx_word' id='word_1_280' title='bbox 772 4239 821 4294; x_wconf 91' lang='lat' dir='ltr'><strong>est</strong></span> <span class='ocrx_word' id='word_1_281' title='bbox 839 4223 854 4321; x_wconf 87' lang='lat'>(</span> <span class='ocrx_word' id='word_1_282' title='bbox 879 4219 908 4319; x_wconf 86' lang='lat'><strong>).</strong></span> 
     </span>
    </p>
   </div>
   <div class='ocr_carea' id='block_1_5' title="bbox 161 4458 1262 4540">
    <p class='ocr_par' dir='ltr' id='par_1_5' title="bbox 161 4458 1262 4540">
     <span class='ocr_line' id='line_1_35' title="bbox 161 4458 1262 4540; baseline -0.007 -20"><span class='ocrx_word' id='word_1_283' title='bbox 161 4465 202 4538; x_wconf 86' lang='lat' dir='ltr'><strong>(l)</strong></span> <span class='ocrx_word' id='word_1_284' title='bbox 220 4463 325 4521; x_wconf 83' lang='lat' dir='ltr'><strong>Thesim</strong></span> <span class='ocrx_word' id='word_1_285' title='bbox 348 4463 420 4520; x_wconf 69' lang='lat' dir='ltr'><strong>ittam</strong></span> <span class='ocrx_word' id='word_1_286' title='bbox 444 4463 475 4521; x_wconf 80' lang='lat' dir='ltr'><strong>de</strong></span> <span class='ocrx_word' id='word_1_287' title='bbox 488 4464 636 4540; x_wconf 74' lang='lat' dir='ltr'><strong>Apostolica</strong></span> <span class='ocrx_word' id='word_1_288' title='bbox 654 4465 772 4538; x_wconf 76' lang='lat' dir='ltr'><strong>liturgiae</strong></span> <span class='ocrx_word' id='word_1_289' title='bbox 779 4462 938 4522; x_wconf 80' lang='lat' dir='ltr'><strong>institutione</strong></span> <span class='ocrx_word' id='word_1_290' title='bbox 951 4461 1032 4536; x_wconf 70' lang='grc' dir='ltr'>1111ςί1</span> <span class='ocrx_word' id='word_1_291' title='bbox 1044 4458 1170 4516; x_wconf 76' lang='grc'>1111111111</span> <span class='ocrx_word' id='word_1_292' title='bbox 1182 4473 1262 4534; x_wconf 79' lang='lat' dir='ltr'><strong>repe-</strong></span> 
     </span>
    </p>
   </div>
   <div class='ocr_carea' id='block_1_6' title="bbox 0 0 1497 5072">
    <p class='ocr_par' dir='ltr' id='par_1_6' title="bbox 0 0 1497 5072">
     <span class='ocr_line' id='line_1_36' title="bbox 0 0 1497 5072; baseline 0 0"><span class='ocrx_word' id='word_1_293' title='bbox 0 0 1497 5072; x_wconf 95' lang='lat' dir='ltr'><strong> </strong></span> 
     </span>
    </p>
   </div>
  </div>
 </body>
</html>
