3018 5070
132 301 137 328 l

515 371 560 416 ne
583 371 669 420 June
695 372 901 424 urrunorco
1223 349 1268 420 25

144 512 275 586 auctor,
299 496 333 566 iu
353 521 416 566 suo
438 511 558 576 cotrtra
579 499 725 569 Arianos
748 500 790 570 de
812 500 978 572 Trinitate
1000 512 1145 569 tractatu
1165 498 1270 596 (libro

143 613 282 710 primo),
301 613 464 682 haereticis
484 629 642 710 tanlquam
661 617 894 710 probationem
913 617 1058 710 opponit
1078 613 1268 709 liturgicum

142 728 323 800 formulam
340 728 534 824 quamdam,
552 730 643 824 apud
659 731 824 802 africanas
840 730 995 801 ecclesias
1014 746 1097 801 tunc
1111 731 1270 824 temporis

141 843 297 914 adbiberi
318 843 452 914 solitam
476 869 485 914 ε
509 845 607 915 Sicut
629 846 668 916 in
691 845 868 916 oblatione
890 844 1030 935 dicitur,
1052 842 1187 916 muncler
1207 843 1274 915 tilri

133 958 311 1054 populum
335 960 632 1046 cr'rcumm'talem,
662 961 904 1034 aemulatorem
925 960 1095 1034 horrorum
1111 985 1267 1060 operum,

140 1077 235 1144 circa
258 1089 359 1142 teram
376 1071 614 1150 sentenciam
632 1077 848 1147 venientem.

190 1193 252 1260 tv.
276 1193 421 1260 Sanctus
442 1187 642 1262 Caelestinus
660 1194 762 1286 Papa,
779 1191 815 1260 in
841 1216 901 1262 sua
915 1191 958 1260 ad
979 1190 1168 1262 Galliarum
1185 1191 1267 1284 Epi·

140 1329 260 1399 scopos
275 1302 551 1402 epistola,capite
570 1330 582 1376 ι
595 1331 626 1395 t,
640 1331 792 1401 expresse
802 1305 972 1401 liturgiam
989 1305 1093 1376 tradit
1106 1319 1268 1398 tanquam

140 1418 293 1514 regulam
313 1419 389 1490 tide-i
411 1447 419 1489 :
438 1419 551 1518 legem
570 1419 745 1507 credauli,
764 1422 888 1517 inquit,
903 1437 1042 1492 statuat
1058 1420 1118 1492 lex
1136 1419 1289 1517 suppli.

140 1533 256 1606 candi.
279 1536 366 1624 Quae
382 1534 522 1607 celebris
537 1538 716 1626 sententia,
735 1561 812 1606 cum
828 1539 925 1606 toties
949 1538 984 1605 in
1004 1536 1191 1606 subsecutis
1206 1561 1267 1604 sae·

140 1649 225 1722 culis
242 1666 426 1722 memorata
445 1653 646 1747 reperiatur,
659 1678 728 1722 non
742 1653 802 1724 aits
817 1677 852 1722 re
865 1653 930 1722 erit
949 1667 1057 1722 toturn
1071 1664 1265 1721 contextum

140 1765 248 1836 oculis
272 1766 466 1861 subjicere:
486 1772 623 1838 Praeter
647 1766 861 1838 beatissimae
880 1784 914 1838 et
935 1752 1144 1865 Apostolicee
1166 1765 1267 1838 Sedis

138 1879 360 1951 irwialalriles
376 1882 588 1966 sanctiones,
600 1882 729 1980 qzu'bus
743 1906 809 1954 nos
818 1886 981 1980 pr'rssrmr'
996 1889 1139 1972 Patres,
1153 1885 1266 1978 pesti·

128 1995 219 2092 sera
228 1998 394 2067 novitatis
406 1995 558 2068 elatione
572 1997 721 2095 dejecta,
735 2015 771 2070 et
784 1998 881 2070 bonae
896 1999 1092 2070 volitaretis
1107 1997 1269 2079 exerrelin,

138 2115 411 2186 etincrementa
428 2112 665 2210 probabilium
686 2114 884 2186 studiorum
907 2131 942 2186 et
970 2118 1207 2212 incisasque
1228 2116 1266 2184 in

134 2229 247 2312 finem
255 2231 575 2326 perseverantiam,
600 2229 652 2300 ael
671 2229 803 2302 Car-run·
814 2231 972 2328 gratiam
991 2227 1124 2323 referre
1137 2227 1266 2298 docue-

138 2359 240 2434 runt,
267 2342 548 2416 observationum
568 2367 713 2443 *qaoque
729 2343 1014 2416 sacerdotalium
1037 2357 1264 2414 sacramenta

138 2460 381 2555 respiciamus,
412 2483 492 2557 quae
521 2459 569 2529 ab
604 2453 773 2557 apostolis
804 2458 935 2530 tradita
968 2461 1006 2529 r'n
1039 2473 1108 2532 totu
1135 2456 1266 2530 retanda

137 2589 245 2671 atque
263 2577 302 2648 in
324 2577 426 2646 omni
445 2574 622 2648 catholica
649 2567 812 2648 Ecclesia
837 2575 1063 2672 urafirrmiter
1081 2572 1265 2644 celebran-

138 2704 207 2779 tur,
236 2683 278 2761 ut
307 2689 426 2790 legem*
446 2688 613 2762 credendi
643 2689 873 2761 [castarum
907 2687 1143 2786 supplicandi.
1177 2693 1264 2760 Cum

137 2806 231 2876 enim
265 2823 471 2877 sanctarum
506 2806 736 2878 ecclesiarum
764 2804 938 2902 praesules
976 2802 1150 2875 necandam
1179 2802 1267 2874 sitt-

137 2936 209 2990 met
230 2922 408 3020 legatione
419 2921 631 3020 fungantur,
654 2919 754 3018 apud
775 2920 932 2996 divinam
954 2920 1178 2992 elementiam
1202 2920 1266 2990 lru·

135 3038 239 3108 urani
257 3039 400 3134 generis
436 3053 550 3137 agunt
585 3061 746 3126 caenam,
761 3029 820 3124 et,
853 3051 927 3106 tota
955 3059 1076 3106 secam
1102 3033 1262 3106 Ecclesia

136 3153 431 3249 congemiscente,
461 3152 653 3248 postulant
680 3168 716 3224 et
746 3167 952 3248 precantur,
991 3165 1030 3222 at
1062 3148 1264 3241 infidelibus

136 3264 285 3340 storeae
294 3266 419 3360 fides;
435 3281 475 3338 ut
493 3265 688 3340 idololatrae
705 3265 750 3338 alr
767 3268 962 3364 impietatis
981 3291 1054 3338 suae
1073 3264 1266 3337 liberentur

135 3383 312 3454 erroribus
314 3435 380 3456 .....
780 3395 782 3400 ’

184 3501 237 3570 lbi
265 3515 358 3571 certe
376 3516 513 3572 sanctus
542 3498 698 3597 pontifex
724 3512 842 3593 aperte
864 3495 962 3566 docet
989 3493 1162 3590 liturgiam
1183 3519 1262 3593 quae

135 3612 361 3708 urusormiter
381 3619 420 3686 in
443 3616 547 3688 omni
572 3611 748 3684 catholica
778 3611 942 3683 Ecclesia
969 3608 1167 3682 celebratur
1192 3634 1263 3680 esso

135 3729 295 3800 credendi
325 3729 443 3826 legem.
466 3729 570 3820 Quod
594 3730 716 3798 iterum
741 3741 934 3798 commonet
958 3727 991 3796 in
1016 3726 1168 3821 ejusdem
1191 3725 1263 3821 epi·

134 3843 228 3914 stoiae
247 3846 358 3941 capite
381 3871 436 3936 ro,
452 3848 505 3917 his
523 3846 633 3916 verbis
650 3872 658 3916 :
673 3841 772 3916 Illud
786 3845 896 3915 etiam
916 3842 1014 3940 quat
1030 3844 1124 3914 circa
1145 3840 1264 3937 bapti·

135 3958 268 4032 zarrdos
296 3963 335 4032 in
357 3965 517 4032 eenr‘uerun
538 3960 679 4032 munelu¹
698 3976 827 4031 sancta
847 3958 1012 4030 Ecclesia
1039 3955 1263 4052 urtrformitcr·

133 4075 223 4173 agit,
238 4099 307 4146 non
324 4079 434 4146 otioso
446 4076 728 4174 contemplamur
747 4077 906 4146 r'ntuitu:
927 4099 1006 4146 cum
1026 4075 1097 4143 sire
1105 4073 1261 4169 primuli,

133 4191 364 4284 siuejuuenes
378 4191 429 4262 ad
440 4193 715 4290 regenerationis
731 4181 881 4262 riem'unt
895 4203 1171 4273 sacramentum,
1192 4212 1261 4258 nort

129 4308 234 4400 prius
245 4305 392 4402 sontem
409 4309 496 4380 vitae
516 4307 649 4380 adeunt
668 4331 775 4408 quam
798 4305 1006 4376 exorcismis
1028 4319 1065 4374 et
1087 4299 1260 4395 resuffla-

134 4420 288 4502 tianibns
307 4421 513 4496 clericorum
532 4427 677 4521 spiritus
695 4421 742 4494 ab
765 4423 818 4493 cis
839 4415 1040 4491 immundus
1058 4414 1228 4513 abigatur
1247 4441 1258 4486 .·
