2978 5076
252 342 321 435 194

248 487 440 588 apostolica
457 501 539 558 tunc
558 487 722 582 temporis
735 501 794 557 aut
805 488 938 582 petiisse
952 501 1012 556 aut
1025 488 1223 561 obtinuisse.
1245 491 1282 561 Si
1294 517 1377 562 vero

247 609 294 676 ita
312 602 521 698 intelligatur
547 603 735 672 necessaria
757 602 943 698 acoeptatio
970 601 1231 700 Episcoporum,
1248 620 1288 676 ut
1307 631 1377 677 non

248 719 375 815 obliget
402 719 453 788 lex
475 717 662 813 pontificia,
677 718 777 786 etiam
803 717 941 810 quando
968 721 1060 812 Papa
1089 716 1163 788 vult
1181 743 1255 788 eam
1279 720 1377 790 inde·

248 835 434 931 pendenter
456 859 475 903 a
503 831 560 902 tali
586 833 816 930 acceptatione
835 831 998 928 obligare,
1016 847 1067 902 est
1083 833 1199 929 opinio
1216 831 1301 905 falsa
1323 833 1379 930 (nt

248 954 283 1020 iu
307 949 466 1046 praedicto
480 963 627 1018 tractatu
645 945 869 1041 ostendimus)
885 962 919 1016 et
930 963 1092 1042 tanquam
1107 948 1265 1042 pestifera
1280 975 1379 1044 pror·

248 1091 304 1135 sus
316 1062 515 1158 repellenda.
534 1063 636 1132 Unde
649 1086 765 1131 revera
777 1059 870 1130 nulla
886 1076 998 1156 potest
1016 1061 1150 1157 allegari
1162 1061 1274 1134 valida
1289 1065 1377 1134 ratio

248 1204 311 1249 cur
342 1181 454 1249 Pianae
482 1178 740 1248 constitutiones
765 1175 976 1271 obli'gatoriae
1007 1201 1077 1246 non
1104 1177 1236 1248 llrcrint
1258 1167 1376 1273 'quoad

248 1293 403 1364 Galliam.
421 1297 512 1388 Ergo
531 1290 719 1362 Galliarum
743 1284 897 1360 ccclesias
922 1292 963 1362 iis
989 1293 1292 1364 constitutionibus
1314 1320 1377 1390 pro

248 1433 363 1478 earum
383 1423 501 1478 tenore
516 1406 634 1504 ligatas
650 1407 752 1475 fitisse
775 1403 957 1475 dicendam
979 1423 1041 1478 est.

296 1531 342 1598 Il.
377 1525 445 1598 Sed
469 1538 605 1594 constat
632 1524 770 1617 insuper
797 1545 853 1590 eas
878 1523 1135 1594 constitutiones
1155 1523 1199 1592 de
1223 1523 1326 1618 facto¹
1342 1526 1376 1594 in

248 1640 360 1714 Gallia
369 1641 471 1710 fuisse
483 1653 649 1733 receptas3
662 1635 753 1732 qnod
769 1639 944 1729 sequentia
954 1637 1158 1709 documenta
1174 1638 1255 1708 satis
1266 1638 1377 1734 palam

248 1757 391 1826 faciunt.

297 1865 488 1940 Concilium
516 1867 789 1964 Rothomagense
821 1867 902 1938 anni
936 1862 1087 1936 15812«
1120 1867 1248 1943 Christi
1273 1883 1377 1963 atque

248 2015 264 2050 ιι
285 1987 357 2079 ejus
373 2009 503 2080 sponsae
515 1982 671 2054 Ecclesia
683 1984 842 2056 mandata
859 1984 1211 2072 obsersemos..;neu
1228 1985 1378 2081 privatas

247 2131 264 2166 ιι
283 2123 579 2196 quorumcumque
597 2097 750 2169 locorum
762 2098 1036 2184 consuetudines,
1051 2121 1095 2168 ac
1104 2098 1307 2195 pleramque
1319 2125 1377 2196 po·

247 2247 264 2280 ιι
281 2219 348 2286 tius
368 2215 589 2310 corruptelas,
619 2217 796 2312 praeceptis
826 2213 976 2310 ejusdem
1005 2215 1134 2291 Christi
1159 2229 1192 2284 et
1219 2215 1376 2289 Ecclesiae

247 2348 572 2426 «anteponamus...
615 2331 785 2421 Quocirca
821 2332 1003 2400 hortamur
1035 2345 1161 2400 nostrae
1191 2333 1376 2426 provincias

247 2476 263 2510 ιι
282 2446 467 2541 Episcopos
497 2451 535 2516 ut
559 2446 739 2542 diligenter
769 2448 952 2541 inspiciant
970 2462 1006 2517 ct
1021 2448 1212 2516 examinent
1236 2471 1375 2520 suarum

248 2591 264 2626 ιι
283 2561 464 2630 dioecesum
489 2560 641 2654 preculas
668 2561 835 2649 horarias,
868 2563 1050 2650 breviaria,
1066 2561 1227 2652 missalia,
1243 2565 1374 2659 agenda

249 2701 341 2746 «seu
364 2674 532 2745 manualia
553 2691 761 2765 curatorum,
782 2692 884 2772 atque
903 2676 988 2747 alios
1007 2675 1111 2754 libros
1134 2677 1376 2754 ecclesiasticos

249 2821 266 2856 ιι
283 2815 322 2859 ac
345 2791 569 2878 caeremonias,
595 2815 637 2862 ne
661 2792 741 2885 quid
766 2794 965 2863 contineant
986 2794 1194 2865 contrarium
1213 2793 1375 2865 doctrina

249 2937 265 2972 ιι
286 2906 470 2994 catholicae,
500 2919 558 2976 aut
593 2909 679 2976 reris
706 2907 853 2978 historiis
889 2923 1147 2999 sarrmomm...;
1179 2911 1238 2979 sed
1272 2910 1376 2984 libros

250 3053 267 3086 ιι
286 3022 480 3092 emendatos
498 3021 609 3116 quoad
621 3022 692 3092 fieri
712 3036 832 3118 potest,
846 3038 979 3094 servato
996 3009 1061 3096 usu¹
1073 3023 1267 3115 dioecesum,
1278 3025 1374 3120 juxta

250 3167 266 3201 ιι
287 3153 397 3206 tamen
418 3137 676 3206 constitutiones
700 3153 822 3208 sanctae
849 3140 1020 3208 memoriae
1041 3140 1092 3210 Pii
1113 3143 1147 3210 V
1174 3165 1280 3236 snper
1297 3141 1373 3212 ltre-

249 3281 266 3316 ιι
285 3252 393 3320 viario
417 3254 571 3320 Romano
596 3267 629 3322 ct
643 3252 779 3342 missali,
802 3279 843 3323 ex
864 3253 1001 3323 decreto
1018 3257 1220 3326 sacrosancti
1239 3257 1374 3328 concilii

249 3366 474 3437 «Tridentini
495 3366 651 3437 restituto
680 3381 714 3436 et
744 3367 848 3458 edito,
873 3383 1059 3463 procurent
1082 3369 1266 3464 imprimi...
1292 3375 1374 3442 Pro·

250 3513 267 3549 ιι
283 3483 365 3552 moti
387 3507 467 3552 vero
484 3483 592 3552 sciant
610 3509 645 3552 se
663 3483 705 3552 ad
724 3485 928 3554 breviarium
945 3483 1107 3579 obligari3
1124 3510 1164 3555 ac
1179 3488 1372 3556 Romanam

248 3629 264 3662 ιι
284 3601 391 3668 triunl·
403 3597 555 3692 qnotidie
567 3596 763 3685 lectionum,
783 3627 802 3670 a
819 3599 983 3670 cardinali
1000 3601 1134 3670 Sanctae
1145 3602 1374 3675 Cruciscom-

249 3745 267 3780 ιι
283 3693 447 3810 positum,
458 3737 480 3782 a
493 3729 702 3786 sacrosancta
721 3715 798 3784 sede
813 3713 1007 3810 Apostolica
1023 3713 1206 3804 sublatum,
1221 3717 1287 3786 sibi
1301 3743 1372 3786 om·

249 3859 266 3893 ιι
283 3832 365 3898 nino
375 3829 561 3927 prohiberi.
572 3859 590 3895 n
600 3828 714 3925 (Apud
730 3830 859 3918 Labbc‚
867 3843 892 3899 t.
904 3833 983 3917 XV,
999 3855 1031 3924 p.
1049 3827 1119 3901 8⁴23
1136 3845 1169 3900 et
1187 3831 1291 3926 824.)

299 3942 487 4012 Concilium
506 3947 704 4014 Turonensc
717 3946 796 4014 anni
820 3943 934 4016 1583:
955 3947 1373 4040 alienemusque...,mis·

249 4087 265 4122 ιι
282 4039 374 4145 salia,
402 4057 582 4144 breviaria,
613 4060 800 4156 gradualia,
829 4059 981 4154 aliosque
1020 4059 1124 4130 libros
1148 4059 1191 4130 ad
1219 4060 1374 4131 divinum

249 4205 265 4238 ιι
285 4172 413 4242 cultum
431 4175 633 4246 necessarios
661 4177 799 4273 (quibus
819 4176 889 4246 lere
914 4187 1030 4246 omnes
1058 4174 1298 4246 ceclesiaesunt
1312 4177 1375 4246 de-

249 4319 265 4353 ιι
286 4286 489 4384 stitutae),ut
502 4305 617 4360 exacte
633 4291 907 4362 emendentnrad
919 4315 1074 4362 normam
1091 4287 1209 4363 assde
1224 4297 1374 4390 Aposto-
1474 4383 1475 4390 p

248 4435 264 4468 ι
284 4405 346 4474 lica
365 4420 403 4474 etv
414 4406 658 4478 constitutione
676 4423 799 4478 sanotae
822 4410 998 4480 asmona
1011 4411 1061 4480 Pii
1080 4409 1372 4506 Vprtcscriptam,
1474 4417 1475 4492 l
