2978 5076
215 296 287 368 216
673 317 881 368 rntcrsnus

213 475 231 510 α
252 446 346 514 cium
372 442 422 516 Pii
444 447 477 513 V
501 444 662 534 recitare,
693 443 757 512 nisi
783 469 824 512 ex
846 445 1093 518 consuetudine
1117 445 1341 524 ducentorum

216 589 233 626 α
251 585 419 630 annorum
437 575 629 646 excusetur;
645 559 703 630 sed
715 560 787 630 lraec
807 562 948 632 materia
961 563 1073 658 gruris
1086 577 1247 656 estpergo
1269 587 1345 655 gra·

214 709 233 742 u
256 679 343 747 viter
360 677 501 772 obligat.
522 681 605 760 ltcm
622 700 741 753 omues
762 675 835 748 alise
854 677 1007 751 formulae
1027 679 1191 750 mirandi
1204 681 1346 750 omnino

215 806 233 840 “
256 781 444 864 cassantur
459 806 493 860 et
518 791 728 886 abrogentur
760 791 803 862 ad
826 792 984 866 ellectum
1012 794 1236 866 satisfaciendi
1263 820 1347 889 prae·

219 938 238 974 c
258 923 383 1004 cepto:
403 932 483 1002 ergo
514 906 654 976 recitare
674 931 734 1001 per
751 908 852 1001 ipsas,
873 909 961 980 idem
985 925 1036 980 est
1054 935 1095 983 sc
1115 909 1143 978 si
1171 933 1240 982 uon
1261 910 1347 980 reci.-

217 1039 395 1094 ufflffi»
830 1103 834 1112 ,

268 1168 285 1202 u
308 1137 465 1208 Secundo
488 1137 701 1209 dubitature
725 1154 844 1210 contre
863 1167 871 1209 :
890 1147 942 1212 Au
966 1144 1097 1237 potenti
1120 1141 1262 1212 recitare
1282 1140 1349 1212 ulia

220 1281 248 1338 u¹
258 1251 403 1322 formula
436 1269 556 1348 praeter
575 1254 753 1326 formulam
777 1256 921 1326 breverii
940 1259 1106 1342 Romani,
1135 1259 1258 1351 possit,
1291 1256 1348 1326 illo

222 1397 240 1432 u
257 1369 391 1459 omissa,
408 1395 468 1464 per
487 1371 691 1440 breviarium
717 1374 906 1442 Romanum
920 1371 1083 1444 recitare?
1102 1377 1248 1466 Reputat
1273 1396 1350 1466 prof

222 1510 241 1547 c
258 1483 368 1554 babile
391 1489 528 1576 Suarez,
558 1487 701 1569 Lessius,
714 1488 930 1559 Bonaciua...
946 1491 1127 1579 Caeterum,
1158 1490 1218 1558 etsi
1234 1513 1351 1583 supru-

222 1628 240 1664 α
260 1600 349 1670 dictu
370 1585 536 1672 sententia
559 1601 742 1697 probabilis
762 1603 817 1690 sit,
843 1579 1104 1698 probnbiliorem
1130 1619 1251 1698 reputo
1269 1629 1351 1674 con·

224 1743 247 1798 e·
261 1715 422 1794 trucium„
435 1715 570 1786 Scilicet
588 1718 651 1785 lios
668 1731 842 1810 exemptos
859 1719 895 1787 iu
916 1718 1006 1789 bullo
1030 1720 1079 1792 Pii
1094 1721 1137 1802 V,
1163 1745 1230 1788 uon
1254 1744 1351 1814 posse

223 1857 242 1892 s
263 1831 402 1925 propriu
424 1833 626 1904 auctoritate
654 1832 800 1904 formula
826 1833 983 1904 breviarii
1010 1835 1157 1908 Romani
1182 1836 1349 1925 recitare,

225 1974 246 2018 a*
260 1947 382 2016 omissa
399 1947 538 2044 propria
557 1973 624 2018 sure
639 1946 830 2022 ecclesiae...
850 1980 866 2016 s

277 2093 296 2129 α
309 2067 352 2134 Et
372 2064 443 2134 lraec
461 2065 627 2134 sententia
646 2064 773 2160 uullarp
788 2065 891 2135 habet
903 2066 1161 2153 dubitationem,
1179 2091 1257 2138 cum
1272 2065 1355 2162 Epi·

222 2209 247 2246 -α
264 2205 386 2276 scopus
409 2205 468 2250 seu
495 2179 654 2254 Praelatus
674 2182 714 2250 iis
741 2179 872 2252 clericis
891 2183 954 2252 sibi
972 2183 1116 2253 subditis
1143 2182 1295 2277 praecipit
1311 2205 1354 2250 ne

231 2326 249 2361 α
269 2296 335 2367 alio
355 2297 471 2370 officio
492 2312 634 2368 utuntur
650 2296 765 2390 :quod
784 2298 855 2366 siue
873 2296 978 2368 dubio
996 2297 1107 2368 facere
1122 2312 1251 2392 potest;
1266 2297 1355 2366 sicut

232 2411 351 2481 «fecit
370 2415 404 2481 S.
424 2409 579 2499 Carolus,
600 2411 884 2506 Arclriepiscopus
904 2410 1177 2500 Mediolanensis,
1200 2412 1259 2504 qui
1277 2435 1356 2481 om·

103 2533 115 2548 “
230 2555 248 2592 α
269 2525 369 2594 nibus
380 2523 509 2595 clericis
527 2549 595 2594 sure
608 2523 767 2594 dioecesis
787 2540 989 2620 preceptum
1010 2526 1171 2620 imposuit
1184 2539 1224 2594 ut
1241 2523 1357 2595 officio

230 2670 249 2706 c
272 2641 496 2712 Ambrosiauo
519 2654 708 2710 uterentur.
736 2645 811 2712 Hoc
836 2642 925 2712 enim
949 2655 1155 2736 preceptum
1180 2639 1358 2714 conforme

213 2789 250 2826 ,ιι
271 2775 322 2830 est
341 2758 442 2829 bullae
460 2742 574 2846 Pisv,
593 2785 667 2852 quae
685 2760 948 2854 consuetudines
966 2761 1358 2854 recitandiontiquiores

233 2901 253 2940 c
271 2873 424 2974 ducentis
461 2873 558 2944 anuis
597 2875 633 2941 in
663 2899 724 2942 suo
749 2875 871 2944 robore
898 2889 934 2944 et
967 2874 1169 2946 fortitudine
1204 2873 1356 2969 reliquit.

234 3020 250 3054 u
272 2989 412 3083 Obligat
434 3014 515 3084 crgo
536 2986 600 3059 lule
618 3005 839 3084 praeceptum,
860 3003 981 3084 utpote
1002 2990 1044 3060 de
1065 3015 1103 3060 re
1127 2989 1217 3062 licita
1240 3005 1274 3060 ot
1295 2991 1359 3060 ho·

234 3135 253 3170 α
275 3121 417 3176 nesta...
438 3105 551 3198 Major
567 3118 679 3174 eutem
703 3104 884 3176 difficultas
899 3120 961 3194 ost,
983 3130 1027 3176 an
1045 3105 1151 3200 possit
1170 3105 1360 3200 Episcopus

236 3222 448 3290 «instituere
468 3234 505 3289 ut
522 3235 612 3290 totus
631 3219 740 3290 clerus
758 3245 826 3292 sure
847 3220 1000 3290 dioecesis
1022 3221 1236 3290 festivitatem
1256 3219 1361 3294 alicu·

236 3367 254 3404 u
269 3339 326 3433 jus
339 3338 447 3406 suncti
465 3336 623 3423 celebret,
643 3362 720 3406 cum
741 3337 838 3431 juxte
859 3337 1012 3406 rubricas
1037 3336 1196 3406 breviarii
1212 3337 1362 3406 Romani

237 3487 255 3524 u
275 3457 316 3525 de
335 3453 402 3524 olio
428 3467 545 3524 sancto
569 3453 621 3524 vcl
650 3453 732 3522 feria
754 3453 965 3524 recitandum
993 3453 1088 3524 erat?
1110 3458 1155 3524 Et
1174 3453 1313 3546 ¹quidem
1332 3453 1362 3524 si

236 3603 255 3639 u
274 3572 329 3642 ille
353 3585 490 3641 sanctus
511 3569 665 3664 signatur
684 3571 720 3638 iu
736 3584 918 3665 patronum
941 3571 1044 3640 totius
1062 3569 1227 3657 dioecesis,
1247 3568 1300 3638 vel
1323 3567 1363 3637 il-

238 3717 256 3754 u
278 3687 342 3758 lius
357 3686 507 3756 dioecesis
528 3699 579 3753 cst
599 3683 774 3772 naturalis,
798 3684 850 3754 vel
871 3685 945 3778 ejus
965 3710 1090 3779 corpus
1114 3709 1174 3754 seu
1195 3682 1364 3752 notabiles

238 3833 257 3869 <r
276 3802 425 3896 reliquiae
447 3802 482 3871 in
504 3800 637 3871 dioecesi
661 3801 889 3894 requiescunt,
911 3801 1013 3870 credo
1035 3825 1135 3895 posse
1157 3800 1365 3894 Episcopum

239 3947 257 3982 «
279 3916 430 4012 obligare
447 3916 585 3986 clericos
607 3939 675 3984 suae
694 3914 845 3986 dioecesis
867 3931 906 3986 ut
919 3917 962 3986 de
983 3915 1042 3986 illo
1064 3915 1219 3986 officium
1238 3913 1366 4008 persol-

241 4063 258 4099 α
280 4047 383 4123 vunt3
404 4034 484 4126 quia
509 4034 580 4102 haec
603 4033 801 4101 constitutio
826 4032 965 4102 adversa
986 4046 1124 4102 nonest
1149 4031 1365 4100 constitutio·

245 4179 262 4214 u
282 4151 383 4219 nibus
398 4148 590 4244 pontificiis,
607 4147 665 4216 sed
683 4149 797 4242 potius
818 4147 882 4216 illis
907 4148 1101 4218 conformis.
1119 4146 1367 4216 Conformatur
1479 4159 1480 4218 i

242 4296 260 4332 α
282 4267 372 4336 euim
415 4265 648 4333 constitutioni
681 4265 899 4358 Gregoriaure
931 4263 1129 4334 concedenti
1161 4277 1201 4332 ut
1233 4261 1276 4330 dc
1304 4259 1364 4330 tuli

243 4411 260 4447 u
280 4395 395 4452 sancto
415 4381 545 4475 possint
558 4378 708 4467 officium
729 4380 882 4452 recitare.
903 4381 1073 4471 Quocirca
1091 4378 1232 4474 quaestio
1249 4375 1362 4448 solum
