2982 5072
245 363 314 434 108
702 385 910 434 anserinus

242 527 395 584 testatem
420 528 493 582 tum
515 510 709 582 declarandi
729 527 801 582 tum
825 511 955 582 ferendi
978 511 1065 609 leges
1085 513 1175 583 circa
1197 511 1372 610 liturgiam

243 629 278 696 in
297 642 367 698 tota
384 625 533 700 Ecclesia
549 626 728 699 catholica.

709 875 859 944 CAPUT
883 879 911 944 Ι.

280 1103 479 1152 surnxttutt
497 1105 556 1152 tus
581 1103 807 1154 utrunttmutt
831 1105 880 1152 tn
899 1066 1083 1154 uotttttui't
1104 1105 1328 1180 nonatum-am

713 1221 897 1268 Punctum.

289 1421 318 1487 I.
342 1415 519 1490 Probatur
537 1441 584 1486 ex
600 1417 790 1514 principiis
815 1415 984 1488 doctrinae
1009 1416 1195 1490 catholicae
1221 1423 1370 1494 omnino

242 1534 360 1604 cartis.
376 1574 427 1586 —
450 1532 485 1602 1⁰
505 1536 645 1602 Certum
664 1547 715 1602 est
734 1536 925 1602 Romanum
945 1533 1144 1606 Pontificem
1166 1561 1236 1606 esse
1250 1563 1371 1631 supre-

241 1673 337 1718 mum
353 1647 510 1720 Ecclesiae
530 1647 729 1718 universalis
743 1662 925 1744 pastorem.
942 1653 1030 1722 Nam
1045 1650 1138 1744 quod
1151 1655 1252 1722 Petro
1267 1654 1369 1726 Chri·

242 1777 312 1834 stus
349 1765 556 1834 commiserit
583 1765 788 1860 pascendum
821 1766 1018 1836 universum
1049 1793 1203 1863 gregem,
1224 1793 1305 1839 oves
1334 1786 1369 1841 ct

167 1883 172 1891 '
243 1903 361 1974 agnos,
372 1881 407 1948 in
422 1881 525 1949 sacris
542 1880 672 1975 paginis
694 1904 848 1974 expresse
867 1883 1075 1969 continetur,
1089 1898 1207 1978 estque
1221 1884 1263 1954 de
1281 1883 1364 1955 fide.

242 1994 347 2082 Quod
372 2018 453 2063 vero
477 1996 695 2090 praerogativa
722 1995 794 2064 haec
821 1995 899 2064 data
927 1995 1025 2065 simul
1052 2021 1071 2066 a
1101 1997 1239 2067 Christo
1264 1997 1369 2068 fuerit

241 2110 333 2179 Petri
353 2112 613 2198 successoribus,
635 2124 705 2180 tota
727 2111 828 2180 docet
856 2110 1005 2197 traditio,
1021 2128 1056 2182 et
1078 2111 1316 2207 aequivalenter
1332 2115 1370 2184 id

241 2223 397 2296 delinivit
411 2225 591 2296 concilium
608 2225 860 2316 Florentinum,
871 2251 948 2297 cum
963 2227 1060 2316 dixit,
1073 2227 1107 2295 in
1119 2252 1264 2323 persona
1274 2231 1368 2299 Petri

242 2343 395 2412 Romano
410 2341 569 2413 Pontifici
583 2341 694 2412 datam
712 2366 731 2410 a
746 2342 883 2412 Christo
898 2341 1370 2438 luisseplenumpotestutom

236 2455 420 2554 pascendi,
451 2455 596 2554 regencb'
614 2471 723 2555 utque
747 2455 973 2556 gubernandi
997 2457 1220 2528 universalem
1248 2459 1367 2530 Eccle-

243 2575 339 2644 siam.
356 2573 458 2643 Unde
477 2587 608 2643 certum
625 2574 767 2643 omnino
786 2588 836 2644 est
854 2575 1048 2645 Romanum
1070 2575 1272 2646 Pontificem
1298 2602 1370 2649 esse

243 2712 438 2783 supremum
455 2686 612 2759 Ecclesiae
626 2691 789 2759 universae
803 2705 983 2785 pastorem,
993 2691 1040 2760 ita
1056 2705 1095 2760 ut
1107 2691 1240 2787 singula
1255 2691 1371 2763 Eccle-

244 2805 299 2874 siae
316 2805 469 2874 membra
487 2803 624 2874 relative
646 2804 690 2875 ad
711 2806 824 2902 ipsum
848 2806 917 2876 sint
935 2831 1024 2877 oves.
1040 2809 1150 2877 Porro
1168 2808 1204 2876 iu
1225 2807 1283 2877 tali
1305 2833 1370 2902 po·

242 2933 364 2990 testate
380 2918 565 2989 includitur
583 2934 618 2990 et
642 2923 839 2991 continetur
861 2945 1058 3017 supremum
1081 2923 1135 3016 jus
1160 2921 1368 3018 liturgicum.

242 3041 342 3129 Nam,
363 3041 457 3108 utin
476 3040 585 3134 prima
605 3042 705 3109 Parte
728 3040 918 3125 statuimus,
933 3038 1071 3134 liturgia
1096 3065 1137 3108 ex
1159 3055 1281 3110 natura
1308 3067 1369 3114 sua

242 3169 292 3224 est
314 3155 483 3248 expressio
507 3169 541 3223 et
558 3153 725 3248 professio
747 3153 917 3250 dogmatis
941 3179 1000 3225 seu
1019 3154 1183 3224 doctrinae
1203 3154 1367 3251 alicujus3

243 3283 278 3339 et
298 3269 385 3339 sicut
407 3283 518 3364 potest
529 3269 687 3339 exsistere
708 3269 845 3365 liturgia
871 3295 946 3364 quae
969 3271 1014 3340 sit
1032 3271 1203 3365 expressio
1229 3287 1263 3342 et
1288 3297 1370 3368 pro·

242 3383 342 3453 fessio
360 3398 458 3455 rectae
478 3385 639 3455 doctrinae
658 3386 747 3456 circa
763 3383 866 3455 fidem
887 3400 921 3454 et
946 3410 1069 3474 mores,
1083 3388 1129 3456 ita
1150 3402 1184 3456 et
1211 3389 1371 3460 exsistere

243 3515 389 3595 possunt
407 3499 552 3596 liturgiae
572 3503 744 3571 erroribus
764 3516 798 3570 et
817 3501 1001 3570 haeresibus
1019 3503 1193 3572 maculatae
1218 3518 1252 3573 et
1272 3504 1370 3576 bonis

243 3615 395 3684 moribus
414 3631 516 3710 atque
536 3615 734 3685 orthodoxae‘
751 3615 831 3686 fidei
850 3618 1037 3686 contrariae.
1054 3621 1146 3713 Ergo
1166 3619 1230 3687 nisi
1252 3643 1371 3714 supre-

243 3753 319 3799 mus
347 3729 561 3800 ecclesiarum
577 3733 730 3800 omnium
759 3743 875 3826 pastor
899 3733 1004 3827 possit
1024 3731 1205 3827 cujuslibet
1224 3735 1370 3806 ecclesiae

243 3845 413 3942 liturgiam
433 3869 561 3941 regere,
576 3859 609 3913 et
628 3859 732 3941 prout
745 3862 976 3942 opportunum
989 3847 1193 3940 judicaverit
1213 3848 1373 3919 determi-

243 3985 336 4047 nare,
356 3959 483 4030 carebit
501 3973 667 4053 potestate
683 3959 818 4057 gregem
832 3961 876 4030 ad
894 3985 1016 4055 pascua
1031 3962 1094 4030 sibi
1115 3963 1199 4032 bene
1224 3965 1294 4033 visa
1314 3965 1372 4034 de·

168 4131 171 4138 .
245 4073 403 4164 ducendi,
418 4099 481 4145 nec
497 4076 624 4170 poterit
648 4101 725 4146 eum
750 4103 769 4148 a
791 4078 963 4146 venenatis
987 4079 1119 4174 pascuis
1144 4077 1314 4150 abducere
1336 4096 1371 4152 et

243 4215 463 4288 praeservare3
483 4191 541 4261 sed
561 4207 677 4287 pastor
695 4193 754 4286 qui
769 4208 861 4263 caret
877 4208 1042 4288 potestate
1061 4219 1198 4291 gregem
1224 4196 1372 4266 ducendi

194 4317 195 4322 ’
243 4305 288 4375 ad
307 4329 432 4401 pascua
466 4332 541 4402 quae
567 4307 638 4401 ipse
656 4307 787 4402 judicat
805 4309 909 4397 bona,
927 4323 961 4380 et
983 4309 1171 4380 abducendi
1194 4335 1213 4381 a
1237 4311 1373 4406 pascuis

243 4445 319 4516 quse
339 4422 403 4518 ipsi
422 4421 779 4513 venenata'videntur,
797 4438 926 4494 nonest
944 4423 1046 4520 hujus
1065 4428 1175 4523 gregis
1194 4449 1373 4522 supremus
