3018 5070
262 331 311 420 46
725 349 932 398 amorreus

264 481 384 552 damus
405 501 498 548 nunc
520 499 564 544 an
588 473 718 546 sactum
746 472 943 568 hujusmodi
971 488 1100 568 pugnet
1126 497 1206 546 eum
1236 474 1392 548 doctrim

263 594 420 688 superius
438 615 458 660 a
476 589 573 660 nobis
585 586 732 658 stabilita
750 587 792 658 de
804 587 949 682 liturgiae
963 586 1078 658 valore
1098 588 1304 684 dogmatico.

313 713 357 778 lt.
381 710 430 778 Ut
448 704 644 801 predictum
663 702 793 772 factum
810 717 980 774 everteret
992 702 1183 776 doctrinam
1196 730 1299 800 quam
1312 731 1392 800 pro-

265 823 488 920 pugnavimus
512 819 602 890 circa
620 817 853 912 dogmaticum
889 817 1033 912 liturgiae
1063 818 1227 911 valorem,
1257 846 1393 893 necesse

265 940 354 1009 foret
374 932 597 1006 immaculate
625 935 856 1027 conceptionis
872 933 997 1028 dogma
1010 933 1106 1006 clare
1134 959 1196 1030 per
1222 935 1393 1032 liturgiam

266 1071 418 1148 tempore
449 1051 598 1122 Suaresii
624 1075 817 1144 expressum
846 1050 969 1138 fuisse3
1004 1053 1099 1146 atqui
1125 1051 1262 1148 liturgia
1292 1053 1393 1145 hujus

266 1169 427 1262 temporis
435 1166 588 1238 nondum
607 1165 704 1236 clare
717 1165 839 1258 dogma
849 1163 934 1234 illud
942 1167 1170 1260 exprimebat:
1184 1181 1395 1236 concesserat

265 1284 402 1377 quidem
414 1281 516 1352 Sedes
532 1280 720 1374 apostolica
731 1280 883 1350 officium
899 1296 935 1350 et
947 1280 1071 1352 festum
1079 1281 1122 1350 de
1136 1282 1299 1377 praedicto
1314 1283 1396 1354 Dei-

266 1395 558 1495 paraeprivilegi03
574 1394 633 1466 sed
646 1393 746 1466 simul
755 1393 985 1468 declaraverat
1003 1423 1038 1468 sc
1060 1423 1124 1492 per
1140 1398 1240 1468 talem
1253 1423 1395 1469 conces-

266 1515 395 1582 sionem
420 1536 490 1582 non
514 1510 658 1604 probare
680 1511 931 1602 persuasionem
949 1509 1042 1582 illam
1058 1512 1393 1608 nisiutprobabilio·

265 1652 360 1698 rem:
381 1631 536 1722 basemet
550 1622 733 1718 Pontifex,
750 1625 797 1694 ait
811 1625 999 1712 Suaresius,
1017 1629 1082 1724 qui
1090 1627 1159 1700 boc
1170 1627 1311 1722 festum
1329 1654 1394 1724 ap-

261 1740 404 1836 probat,
417 1737 575 1809 declarat
590 1763 629 1808 se
641 1737 1241 1833 soltmrprubarerententiamillam
1250 1746 1394 1838 utpium

267 1858 453 1954 magisque
465 1850 699 1948 probabilem.
718 1856 761 1924 Et
779 1851 860 1924 licet
876 1869 960 1926 tunc
991 1857 1143 1926 concessi
1163 1856 1268 1928 officii
1291 1857 1394 1926 verba

267 1972 343 2068 plus
362 1971 518 2040 minusve
538 1968 719 2037 innuerent
736 1984 973 2060 praeservatam
992 1970 1036 2040 ab
1067 1973 1162 2042 omni
1188 1969 1262 2042 labe
1291 1969 1394 2042 fuisse

266 2092 403 2158 Beatam
429 2084 619 2178 Virginem,
642 2083 803 2178 praedicta
825 2082 1050 2184 nihilominus
1072 2085 1169 2154 Sedis
1204 2083 1395 2178 apostolice

267 2199 450 2272 declaratio
466 2196 670 2291 impediebat
680 2223 723 2267 ne
739 2198 863 2292 dogma
872 2197 955 2270 illud
969 2198 1066 2270 clare
1074 2199 1313 2294 exprimerent.
1321 2203 1395 2268 Imo

267 2337 533 2386 sensumeorum
549 2310 684 2406 publica
695 2313 767 2382 haec
777 2311 959 2384 declaratio
970 2315 1017 2384 ita
1032 2315 1267 2409 restringebat,
1275 2328 1314 2384 ut
1327 2337 1395 2382 non

226 2475 230 2484 ·
268 2430 546 2525 permitterentur
560 2424 718 2518 liturgico
732 2425 898 2514 adhiberi,
920 2429 985 2498 nisi
1012 2444 1181 2522 quatenus
1195 2429 1394 2500 sententiam

268 2542 359 2612 illam
368 2556 406 2609 ut
424 2541 515 2633 piam
532 2552 565 2606 et
577 2539 854 2632 probabiliorem,
873 2566 944 2612 nou
957 2566 1037 2612 vero
1057 2557 1095 2612 ut
1108 2544 1396 2629 omninocertam,

273 2655 509 2750 exprimentia.
534 2658 647 2746 Atque
666 2654 804 2725 obeam
830 2656 997 2728 rationem
1021 2657 1197 2728 concludit
1220 2659 1402 2748 Suamsius

269 2797 340 2842 rem
348 2770 461 2840 adhuc
471 2769 670 2840 remansisse
682 2772 919 2840 controversiae
928 2772 1122 2844 obnoxiam.
1139 2773 1391 2856 Caeterum,nisi

269 2886 511 2956 intercessisset
535 2882 593 2953 illa
611 2884 707 2954 Sedis
734 2885 926 2979 apostolicae
945 2890 1112 2960 restrictio
1127 2890 1163 2957 in
1178 2887 1397 2959 concedendo

268 2998 493 3072 Immaculatae
502 2999 743 3092 Conceptionis
760 3000 873 3074 officio
891 3017 925 3070 et
943 3001 1041 3092 festo,
1062 3004 1297 3075 incunctanter
1310 3003 1396 3072 Sua·

270 3118 376 3186 resins
393 3130 427 3184 et
446 3113 504 3184 alii
531 3115 760 3186 communiter
777 3115 932 3188 doctores
955 3117 1199 3190 conclusissent
1222 3142 1293 3186 rem
1318 3141 1398 3186 om-

269 3229 363 3298 nimo
381 3240 506 3296 certam
525 3252 608 3312 esse,
627 3251 689 3298 nec
708 3253 805 3320 posse
817 3229 945 3324 absque
957 3234 1150 3306 temeritate
1166 3233 1294 3326 negari.
1311 3235 1396 3306 Eam

269 3342 359 3412 enim
374 3339 627 3410 conclusionem
650 3341 764 3432 quoad
788 3358 938 3412 sanctam
962 3347 1112 3440 Virginis
1131 3348 1341 3418 nativitatem
1362 3361 1397 3416 et

270 3459 341 3551 ejus
362 3480 562 3550 corpoream
589 3456 862 3550 assumptionem,
885 3483 928 3528 ex
954 3456 1053 3533 titulo
1072 3459 1238 3555 liturgica
1261 3485 1397 3554 expres-

271 3572 375 3640 sionis
387 3585 422 3640 et
439 3571 659 3663 professionis
681 3571 869 3644 deducunt.
895 3577 988 3667 Ergo
1008 3575 1133 3648 nedum
1152 3575 1246 3669 quod
1267 3600 1393 3646 incoro-

270 3710 385 3754 ramus
396 3683 522 3754 factum
540 3683 663 3754 thesim
675 3685 717 3756 de
729 3685 920 3780 dogmatico
930 3688 1075 3786 liturgia
1085 3689 1196 3762 valore
1211 3687 1392 3776 convellat,

271 3824 346 3870 eam
364 3824 383 3868 e
402 3811 521 3868 contra
540 3823 609 3870 non
626 3825 746 3894 parum
766 3800 913 3874 illustrat
932 3820 1038 3900 atque
1054 3806 1248 3878 confirmat.
1268 3809 1315 3876 Ar
1327 3829 1396 3874 no-

271 3915 412 3984 vissimis
427 3913 637 4008 temporibus
658 3931 809 3988 mutatus
829 3920 970 3990 omnino
984 3936 1036 3990 est
1049 3921 1245 4015 questionis
1267 3935 1393 4007 status3

271 4028 350 4122 quia
372 4052 497 4098 novum
530 4053 725 4104 concessum
756 4032 823 4106 fnit
850 4034 1017 4122 officium,
1039 4061 1108 4130 quo
1141 4034 1231 4108 clare
1256 4034 1395 4104 omnino

271 4139 492 4212 immaculatae
509 4145 741 4238 conceptionis
756 4147 971 4242 privilegium
992 4152 1164 4239 asseritur,
1187 4165 1220 4222 et
1237 4150 1272 4220 in
1299 4148 1396 4242 cujus
1429 4207 1432 4212 .

269 4257 486 4328 concessione
516 4257 609 4330 nulla
641 4262 827 4336 intercessit
858 4267 1049 4338 restrictiva
1075 4264 1310 4362 interpretatio
1336 4273 1415 4333 seu'
1495 4293 1496 4329 t

272 4371 464 4444 declaratio.
486 4376 625 4468 Exque
644 4378 823 4472 posteriori
844 4380 936 4454 facto
957 4381 1039 4477 quid
1060 4382 1149 4478 eirca
1174 4377 1396 4476 immaculate
