3018 5070
533 389 578 434 nn
603 373 689 436 sons
712 373 919 438 nmmoreo.

622 551 771 657 etrus
794 585 823 656 1.

158 795 209 840 ne
235 753 325 838 donn
350 781 545 868 ntrunorn,
574 757 616 837 nr
638 793 684 838 os
713 793 918 840 mutrrrnrcr
943 757 1106 840 musonio
1138 763 1290 844 sionim-

537 949 540 955 .
647 907 812 954 eunoun.

215 1089 269 1156 De
297 1079 451 1152 vocabuli
480 1082 567 1152 illius
581 1083 795 1179 'etymologia
823 1086 1033 1156 concordant
1056 1088 1179 1161 eruditi
1196 1103 1205 1159 τ’
1223 1103 1292 1158 tre-

162 1202 252 1270 dunt
270 1225 392 1294 nempe
417 1195 502 1270 illud
530 1198 670 1275 eonlleri
697 1199 829 1274 duabus
856 1201 997 1272 uocibus
1025 1202 1161 1294 grecis,
1189 1211 1294 1273 λσῖτσυ

162 1313 373 1412 (publicum)
390 1327 423 1380 et
441 1317 526 1410 ἔργον
544 1313 809 1408 (ministerium).
826 1313 1159 1415 Unanimiteretiam
1175 1331 1295 1386 tenent·

162 1453 229 1527 per
257 1428 452 1522 hujusmodi
484 1453 600 1497 vocem
630 1428 798 1522 designari
832 1431 993 1524 primitus
1026 1430 1159 1500 solitam
1190 1431 1293 1502 fuisse

163 1534 586 1644 quomd'betfunetionem
594 1541 789 1638 publicam.
805 1549 849 1617 Et
864 1545 931 1613 hoe
950 1569 1065 1614 revers
1079 1572 1177 1616 sensu
1197 1567 1293 1618 usur·

163 1671 244 1757 pata
258 1651 426 1755 reperitur
439 1659 531 1754 opud
544 1657 743 1748 Platonem,
760 1659 992 1747 Aristotelem,
1009 1663 1292 1753 Demosthenem,

164 1776 450 1869 Xenophontem,
475 1779 657 1848 lsoeratem
679 1772 830 1868 aliosque
860 1775 1022 1869 profanos
1051 1791 1228 1865 auctores,
1255 1793 1294 1848 ut

166 1893 291 1986 cuique
305 1915 411 1984 graeea
428 1888 532 1958 lerion
554 1888 703 1958 volventi
722 1888 821 1958 facile
842 1890 1055 1993 perspicuum
1074 1905 1145 1961 esse
1167 1907 1291 1987 potest.

166 2005 294 2076 Eodem
321 2005 420 2074 etiam
447 2029 545 2075 sensu
576 2004 746 2097 reperitur
772 2003 921 2074 adhibite
946 2005 980 2072 in
1008 2006 1156 2098 quodam
1186 2009 1294 2078 Marci

166 2121 332 2192 Antonini
356 2134 391 2188 et
412 2120 509 2190 Lucii
531 2120 614 2188 Veri
635 2120 818 2212 rescripto,
837 2133 875 2186 ut
899 2119 1011 2188 videre
1029 2136 1079 2189 est
1098 2122 1132 2188 in
1162 2123 1294 2192 Pande·

168 2240 230 2306 etis
244 2235 283 2332 (l.
303 2261 343 2321 x,
362 2237 417 2305 tit.
433 2233 477 2322 6,
492 2235 534 2303 de
544 2234 622 2327 jure
641 2232 840 2329 immunis.).·
856 2231 1027 2304 Multoties
1043 2235 1183 2330 insuper
1197 2239 1295 2330 groeci

168 2351 388 2446 imperotores
411 2351 446 2418 iu
463 2348 646 2418 condendis
664 2347 794 2442 legibus
813 2349 881 2418 suis
894 2373 976 2417 voce
995 2348 1138 2446 liturgia
1152 2352 1204 2420 usi
1215 2365 1295 2422 sunt

168 2467 224 2543 ad,
238 2464 458 2560 exprimenda
478 2487 586 2533 onera
605 2462 780 2560 publium·
798 2465 856 2532 ubi
884 2465 1069 2559 praes'ertim
1091 2464 1222 2560 aliquas
1251 2467 1295 2536 ab

167 2579 364 2675 hujusmodi
386 2578 544 2648 oneribus
563 2579 791 2646 immunitates
814 2594 1014 2650 sanxerunt.
1034 2583 1074 2648 ln
1091 2584 1192 2650 saeris
1214 2605 1297 2650 vero

169 2695 300 2791 paginis
317 2693 542 2764 determinata
557 2695 664 2786 magis
682 2707 783 2786 atque
800 2695 950 2762 restricta
968 2696 1116 2764 occurrit
1134 2696 1295 2789 praediotn

170 2808 382 2902 significatio.
399 2809 450 2876 lbi
474 2793 579 2891 enim,
596 2833 666 2875 non
683 2807 753 2900 jam
778 2807 821 2876 ad
837 2807 1093 2901 exprimendum
1121 2810 1297 2902 quodlibet

171 2924 240 2992 sive
265 2921 460 3017 religiosum
477 2922 545 2991 sive
558 2922 740 3016 profanum
759 2923 984 2991 ministerium
1004 2922 1176 3016 publicum
1197 2950 1297 2993 usum

170 3052 272 3133 patus
285 3037 431 3132 liturgiae
451 3062 532 3126 vox,
554 3037 613 3106 sed
627 3036 830 3132 specialiter,
852 3051 910 3105 aut
924 3037 1041 3106 snltem
1063 3037 1296 3132 frequentius,

171 3151 427 3230 adjudicandus
448 3153 639 3221 functiones
658 3177 779 3221 sacras.
803 3155 878 3220 Hoc
898 3153 1037 3221 nomine
1052 3179 1298 3224 commemora·

173 3280 229 3336 tur
253 3264 430 3336 levitarum
457 3267 546 3336 circu
577 3265 832 3339 tabernaculum
859 3268 1088 3338 ministerium
1105 3269 1196 3364 apud
1217 3274 1298 3362 Sep-

173 3382 327 3475 tuaginta
342 3383 542 3476 interpretes
557 3383 629 3452 τκυὶὶ
648 3384 736 3452 αὐτοὶ
749 3389 1011 3478 λειτουργήσσυσιυ
1023 3390 1053 3452 ἐν
1070 3391 1164 3479 αὐτῇ,
1180 3400 1217 3452 et
1231 3385 1301 3477 ipsi

173 3495 424 3568 ministrabunt
437 3498 474 3565 in
492 3519 532 3566 eo
550 3495 731 3590 (Numeri,
758 3521 830 3590 cop.
851 3519 890 3584 1,
913 3521 943 3564 v.
961 3494 1036 3592 50).
1061 3501 1144 3566 Item
1164 3510 1299 3566 sanetus

173 3614 280 3680 Lucos
305 3609 474 3705 liturgiam
506 3625 602 3680 vocat
624 3610 816 3682 functiones
843 3635 952 3680 socrus
980 3600 1164 3701 Zoclrnriae,
1191 3613 1299 3684 sancti

172 3726 312 3794 loannis
330 3726 487 3820 Baptistae
506 3727 638 3796 Patris:
660 3728 714 3795 καὶ
729 3730 847 3824 ἐγένετο
869 3735 908 3807 ὡς
931 3731 1126 3805 ἐπλήσθησαν
1140 3731 1172 3796 αἱ
1191 3732 1300 3824 ἡμέραι

173 3851 229 3920 τῆς
241 3841 429 3936 λειτουργίας
441 3847 532 3910 αὑτοῦ
541 3897 550 3933 ,
567 3856 603 3910 et
608 3838 756 3934 fautum
775 3857 924 3912 osteum
946 3843 1084 3939 impleti
1096 3859 1216 3916 essent
1226 3841 1302 3912 dies

176 3953 327 4053 liturgiae
351 3957 467 4051 ipsius
478 3954 524 4050 (o.
546 3981 575 4045 r,
590 3977 623 4024 r.
643 3953 714 4048 23).
731 3957 843 4044 Quem
863 3981 997 4025 sensum
1015 3959 1156 4054 insuper
1170 3957 1301 4054 reperi·

176 4094 251 4137 mus
277 4070 552 4164 insequentibus
582 4071 729 4139 textibus
753 4077 1033 4169 ιλειτσυργυυυτωυ
1062 4070 1096 4143 dl
1127 4080 1225 4143 υσύτῶν
1255 4087 1301 4163 τῷ

176 4185 303 4279 Κυρίῳ,
318 4185 600 4256 ministrantibus
624 4202 741 4256 autem
760 4187 848 4281 ipsis
870 4189 1020 4258 Domino
1043 4189 1169 4284 (Actus
1190 4202 1298 4281 apost.

177 4321 206 4368 e.
231 4295 296 4386 13,
319 4325 350 4370 v.
371 4304 425 4395 a).
444 4303 486 4386 εἰς
509 4305 545 4374 τὸ
567 4299 645 4377 εἷναί
663 4331 705 4397 με
724 4307 896 4400 λειτουργὸν
928 4287 1030 4386 Ἰησοῦ.
1051 4304 1243 4400 xpetitis
1260 4310 1303 4370 τὰ

177 4415 267 4504 liro,
278 4429 318 4484 ut
334 4416 404 4486 sim
423 4417 586 4490 mi'ru‘ster
601 4416 733 4492 Christi
747 4417 961 4516 ingentibus
978 4417 1039 4514 (ad
1053 4424 1176 4508 Rom,
1199 4440 1231 4486 e.
1249 4413 1305 4506 15,

1104 4557 1133 4602 1.
