2982 5072
239 355 307 432 1¹6²
695 373 900 427 rnncrsrus

234 531 256 570 u
270 502 306 573 in
316 497 538 572 ¹orationibus
558 497 701 570 divinis?
715 528 733 563 u
744 497 960 592 (dejejuniis,
979 521 1054 592 cap.
1077 496 1359 591 10).Christianae

236 617 417 714 sepulturae
430 630 562 686 certum
572 616 681 686 ritum·
690 639 767 684 cum
782 613 963 682 sacerdotis
977 611 1188 682 orationibus
1202 613 1361 684 exhibent

236 735 308 806 haee
330 733 481 828 ejusdem
497 729 700 802 Tertulliani
719 729 820 800 verba
836 754 845 798 ε
863 758 881 796 α
897 729 974 798 Seio
993 725 1166 799 foeminam
1182 729 1363 824 quamdam
1483 759 1484 814 l

233 879 256 917 a
269 847 487 920 vernaculam
501 845 669 933 Ecclesiae,
689 847 796 916 forma
808 860 844 916 et
861 860 960 918 atate
974 847 1105 942 integra
1121 845 1271 916 functam
1286 861 1363 942 post
1483 839 1484 842 ¹

238 992 257 1031 r
274 964 413 1035 unicum
429 963 574 1033 etbreve
588 961 857 1051 matrimonium,
875 985 955 1032 cum
971 961 1006 1030 in
1025 986 1108 1057 pace
1127 961 1318 1052 dormisset,
1325 961 1383 1034 et’

237 1094 425 1150 «morante
457 1079 569 1149 adbuc
603 1077 793 1174 sepultura,
824 1077 963 1147 interim
993 1079 1147 1148 oratione
1178 1079 1363 1176 presbyteri

231 1225 255 1262 o
272 1211 547 1290 componeretur,
565 1195 607 1264 ad
624 1195 773 1289 primum
787 1193 932 1263 halitum
949 1195 1127 1284 orationis,
1147 1219 1266 1265 manus
1280 1221 1301 1266 a
1318 1194 1364 1266 la·
1468 1241 1484 1273 ,κ

233 1341 253 1379 u
276 1312 405 1382 teribus
428 1310 574 1380 dimotas
588 1311 623 1378 in
640 1310 798 1378 habitum
817 1307 1006 1405 supplicem
1022 1309 1262 1400 conformasse,
1286 1335 1367 1380 rur·-

237 1453 259 1494 u
276 1453 418 1521 sumque
429 1428 566 1496 condite
577 1425 764 1522 paee,·situi
775 1449 839 1494 suo
852 1424 1036 1494 reddidisse
1046 1455 1064 1492 s
1078 1424 1135 1520 (de
1149 1426 1273 1516 anima,
1289 1449 1363 1522 cap.

238 1540 441 1638 51)Saeeulo
454 1545 555 1614 tertio
568 1542 772 1638 posteriores
787 1565 858 1610 non
874 1565 945 1611 esse
963 1565 1109 1612 canones
1127 1543 1185 1636 qui
1205 1542 1365 1612 dicuntur

230 1659 492 1754 apostolorum,
507 1673 542 1728 et
560 1659 685 1726 librum
704 1657 763 1751 qui
784 1659 1073 1728 constitutionum
1090 1658 1366 1754 apostolicarum

236 1774 377 1843 nomine
388 1788 619 1870 nuncupatur,
631 1787 680 1842 est
698 1773 839 1843 eruditis
856 1771 957 1868 plane
967 1788 1176 1869 compertum
1187 1772 1247 1870 (1).
1259 1779 1364 1844 Porro

233 1888 629 1984 canonesapostolorum
645 1888 762 1987 plures
775 1890 937 1960 exhibent
946 1889 1120 1986 liturgicus
1131 1889 1365 1985 leges-Paucas

239 2005 419 2078 adduxisse
427 2007 507 2076 satis
515 2007 558 2075 sit
568 2031 579 2074 t
588 2035 603 2072 α
613 2006 647 2077 Si
659 2006 735 2100 quis
742 2006 930 2100 Episcopus
941 2003 995 2075 vel
1008 2005 1181 2100 presbyter
1190 2005 1365 2076 Domini...

233 2149 256 2188 n
274 2120 339 2192 alia
352 2123 504 2217 quaedam
515 2121 562 2193 ad
574 2122 678 2192 altare
691 2119 902 2212 attulerit...,
914 2120 1118 2215 deponatur,
1139 2135 1366 2216 preterquam

237 2265 257 2302 e
275 2263 362 2312 nova
377 2239 714 2333 legumina‘tempore
725 2250 933 2332 opportune.
946 2233 1105 2306 Nelieeat
1116 2250 1229 2307 autem
1239 2235 1368 2331 aliquid
1483 2259 1484 2262 ’

234 2381 257 2420 e
274 2352 366 2423 aliud
384 2355 427 2422 ad
448 2353 553 2423 altare
576 2353 711 2443 offerre,
735 2377 839 2448 quam
863 2351 977 2421 oleum
998 2352 1042 2422 ad
1061 2350 1240 2444 luminare,
1257 2367 1293 2423 et
1316 2353 1367 2423 in·

239 2499 257 2537 a
275 2493 413 2540 censum
432 2483 585 2564 tempore
604 2483 730 2538 sancte
751 2466 965 2537 oblationis»
988 2467 1079 2562 (eun.
1096 2467 1143 2563 3).
1165 2497 1184 2534 α
1197 2469 1365 2560 Quicum·

180 2585 183 2590 ’
240 2611 261 2650 α
277 2607 344 2678 qne
362 2581 477 2653 fideles
496 2584 735 2679 ingrediuntor
755 2597 789 2651 et
806 2584 997 2678 Scripturas
1020 2583 1177 2669 audiunt,
1192 2587 1225 2654 in
1248 2609 1365 2679 preca·

178 2685 182 2696 ’
239 2725 258 2762 α
274 2695 368 2766 tione
394 2713 510 2766 autem
532 2711 565 2766 et
592 2721 687 2766 saera
717 2699 959 2768 communione
984 2723 1056 2768 non
1086 2713 1298 2796 permanent,
1328 2714 1368 2770 ut

182 2806 188 2818 ⁴
246 2811 677 2883 «³Eeelesiaeeonlusionem
688 2813 866 2883 afferentes
875 2815 1046 2910 segregari
1056 2813 1367 2912 oportetu(ean.9).
1483 2903 1484 2914 ἵ

248 2957 267 2995 u
283 2934 352 3001 Vas
365 2955 507 3000 auretnn
524 2929 576 2999 vel
595 2943 792 3024 argenteum
807 2929 858 2998 rel
875 2928 994 3000 velum
1010 2930 1255 3001 sanctificatum
1268 2955 1369 3002 nemo

181 3039 185 3047 ’
243 3046 583 3141 oampliusinsuum
603 3071 702 3116 nsum
716 3060 912 3134 eonvertat3
936 3046 1161 3117 boelitenim
1180 3061 1305 3142 praeter
1313 3048 1369 3143 jus
1483 3103 1484 3110 ,

246 3185 265 3223 n
279 3171 315 3230 et
333 3175 455 3230 contra
471 3158 573 3254 leges.
584 3162 624 3232 ·Si
645 3161 722 3254 quis
741 3177 854 3232 autem
873 3161 1101 3257 deprehensos
1125 3160 1237 3245 fuerit,
1259 3161 1369 3260 mule·

191 3277 195 3282 ’
232 3297 269 3338 -α
285 3287 377 3343 tetur
399 3303 418 3340 s
446 3273 538 3370 (ean.
554 3273 630 3372 72).
656 3278 695 3344 ln
720 3276 1019 3346 constitutionibus
1041 3301 1116 3372 qnae
1134 3275 1368 3372 apostolorum

244 3389 312 3463 dici
327 3389 451 3481 solent,
462 3389 665 3486 'sio-legitur
678 3416 687 3461 z
701 3421 718 3457 u
732 3392 947 3462 Precationes
964 3393 1070 3462 facite·
1085 3415 1204 3481 mane,
1214 3399 1249 3464 et
1270 3392 1369 3464 tertia
1483 3381 1484 3386 ἵ

239 3535 262 3572 <r
279 3507 377 3597 lrora,
397 3531 438 3576 ae
461 3520 554 3576 sexta
572 3519 607 3576 et
624 3533 731 3598 nona,
750 3521 785 3578 et
805 3509 958 3604 vespere,
974 3525 1078 3604 atque
1095 3511 1130 3578 in
1151 3507 1369 3606 gallicinio...

242 3621 312 3689 «Si
326 3636 466 3715 propter
484 3621 635 3691 infideles
648 3622 856 3718 impossibile
868 3640 918 3694 est
932 3625 975 3696 ad
986 3623 1157 3696 ecclesiam
1173 3624 1365 3720 procedere,
1483 3699 1484 3702 ,

239 3763 270 3801 «ι
278 3736 311 3804 in
320 3736 428 3806 domo
446 3735 558 3830 aliqua
572 3740 871 3835 congregationem
891 3741 1006 3834 facies,
1023 3743 1219 3838 Episcopea
1234 3743 1367 3840 (Const.

241 3865 368 3945 apost,
380 3850 546 3952 libatur,
563 3877 638 3948 enp.
653 3854 726 3948 34).

296 3967 501 4039 Glrronieam
521 3969 584 4038 sub
602 3971 744 4042 nomine
764 3971 848 4042 lttrt
859 3972 1087 4068 ponteficalis
1098 3987 1213 4044 notam
1229 3997 1294 4068 pro
1311 3997 1371 4044 au·

243 4081 397 4152 theutica
421 4083 620 4155 habendam
639 4089 829 4182 probarunt
855 4089 1003 4161 eruditis
1018 4092 1055 4160 in
1079 4113 1118 4160 ea
1137 4115 1242 4186 porro
1263 4087 1374 4159 multa
1483 4171 1484 4176 γ

282 4355 318 4432 (1)
339 4355 405 4413 Vide
416 4375 472 4432 que
486 4358 518 4414 de
532 4358 638 4415 istorur'n
649 4357 775 4415 librorum
788 4361 938 4436 antiquitate
957 4369 983 4423 el
997 4362 1149 4428 auctoritate
1166 4363 1330 4427 disterubnus
1341 4363 1374 4419 in

244 4454 333 4506 nostro
346 4453 861 4522 tmutuerumtptujnourouu.
924 4481 928 4487 ·
1037 4476 1041 4484 ·
