2978 5076
254 332 320 430 176
702 352 908 400 catenarus

248 501 357 550 conns
378 501 387 546 a
409 504 426 541 «
442 479 623 570 ipsumque
643 471 770 546 clerum
793 473 1008 544 abundanter
1026 472 1100 569 lege
1113 475 1240 566 divina,
1261 503 1379 553 rotua-

247 623 264 660 «ι
283 617 398 688 naque
415 593 584 662 imbutum
602 587 783 678 cantilena,
796 615 924 660 morem
937 604 1038 686 atque
1047 591 1202 665 ordinem
1213 596 1379 666 Romanae

250 707 440 778 «Ecclesiae
452 728 584 776 servare
601 705 762 800 praecepit
780 735 796 771 n
813 703 918 801 (apud
930 706 1124 797 Dnchesne,
1140 707 1227 778 llist.
1242 712 1381 800 Franc,

249 841 330 896 tom.
348 829 394 914 ll,
413 847 488 919 pag.
514 820 615 916 aod).
639 823 728 915 Ergo
744 820 1019 918 Clrrodogandus
1042 847 1171 894 rnorem
1195 841 1298 920 atque
1318 852 1380 896 or·

241 941 362 1012 dinem
393 943 557 1010 Romanae
587 934 744 1006 Ecclesiae
773 936 808 1006 iu
837 939 1028 1008 Metensem
1059 938 1229 1010 dioecesim
1261 940 1379 1012 intro-

246 1055 355 1126 duxit.

295 1174 337 1241 In
356 1167 598 1267 capitularibus
613 1168 815 1263 aquisgrani
832 1168 993 1240 confectis
1007 1191 1098 1240 anno
1111 1169 1183 1267 789
1198 1171 1246 1242 sic
1265 1169 1378 1266 legere

247 1301 297 1356 est
314 1312 322 1354 :
339 1284 565 1356 «Secundum
582 1283 674 1378 qnod
691 1283 795 1354 beatae
814 1283 981 1355 memoriae
998 1285 1133 1378 genitor
1152 1299 1265 1356 noster
1278 1289 1379 1383 Pipi-

251 1427 352 1470 unus
369 1426 427 1471 rex
450 1399 635 1469 decertavit
657 1412 696 1468 ut
721 1397 828 1488 lieret,
843 1398 982 1492 quando
1006 1396 1211 1494 gallicanum
1234 1416 1376 1472 cantum

250 1546 267 1582 u
288 1517 377 1604 tulit,
395 1516 440 1586 ob
460 1515 716 1586 unanimitatem
728 1511 929 1609 Apostolicae
944 1513 1032 1584 sedis
1048 1528 1083 1584 et
1096 1529 1218 1586 sanctae
1232 1518 1295 1586 Dei
1308 1521 1376 1588 Ec·

247 1627 389 1698 «clasiae
418 1629 593 1725 pacificam
619 1627 836 1699 concordiam
861 1652 879 1697 n
907 1626 1053 1722 (Balnzii
1083 1629 1295 1724 capitularia.
1325 1672 1377 1690 -

247 1746 407 1838 Aquisgr.
431 1744 513 1842 789,
528 1767 602 1837 cap.
618 1739 696 1838 90).
713 1741 749 1812 Si
763 1740 903 1837 Pipinus
922 1767 981 1812 rex
995 1743 1159 1814 unitatem
1176 1769 1253 1816 cnm
1281 1745 1377 1818 litur-

249 1859 303 1954 gia
319 1863 483 1945 Romana,
495 1859 595 1928 etiam
610 1856 723 1953 quoad
733 1873 886 1945 cantum,
903 1858 1028 1926 servari
1046 1858 1189 1947 curavit,
1207 1883 1227 1928 a
1241 1860 1376 1932 fortiori

247 1973 400 2044 eamdem
420 1974 461 2043 in*
474 1972 627 2044 formulis
645 1987 680 2043 et
695 1972 814 2042 ritibus
830 1973 993 2042 unitatem
1017 1974 1229 2070 requisivisse
1240 1991 1277 2046 et
1293 2001 1376 2048 con·

247 2091 394 2160 stituisse
412 2088 667 2186 praesumendns
681 2103 741 2160 est.

296 2206 471 2276 Sublatam
492 2207 632 2300 insuper
643 2227 779 2274 omnem
795 2203 1022 2274 diversitatem
1037 2229 1105 2299 qna
1118 2206 1309 2278 officiorum
1325 2233 1376 2278 ce·

127 2313 129 2317 ’
248 2319 392 2392 lcbratio
411 2322 447 2390 in
467 2321 578 2392 Gallia
601 2345 620 2390 a
647 2323 800 2392 Romano
823 2343 917 2388 more
945 2318 1103 2405 distabat,
1127 2335 1296 2394 testantur
1315 2349 1374 2394 ex·

246 2461 360 2531 presse
391 2452 466 2507 acta
493 2437 574 2506 dicti
601 2433 738 2506 concilii
777 2433 1060 2529 Aquisgranensis
1093 2436 1174 2506 aurii
1202 2437 1285 2536 789,
1322 2438 1375 2506 his

247 2552 357 2620 verbis
381 2576 389 2619 ε
415 2554 476 2620 «Α
499 2552 595 2645 cujus
618 2555 781 2622 nomano
802 2546 959 2618 Ecclesiae
982 2564 1097 2620 sancta
1124 2566 1159 2621 et
1182 2554 1375 2624 veneranda

250 2695 268 2732 a
287 2666 526 2737 communione
556 2663 673 2738 multis
697 2663 947 2754 recedentibus,
975 2679 1099 2736 nostrae
1127 2680 1240 2738 tannen
1267 2671 1374 2763 partis

248 2806 458 2876 «nunquam
485 2784 620 2854 recessit
640 2779 788 2854 Ecclesia
797 2806 807 2870 3
833 2779 891 2852 sed
922 2806 961 2852 ea
979 2781 1165 2878 apostolica
1191 2783 1375 2856 traditione

247 2926 265 2962 α
280 2898 482 2986 instruente,
496 2913 530 2968 et
539 2923 609 2968 eoa
622 2922 691 2992 quo
703 2911 753 2966 est
763 2921 864 2966 omne
875 2895 1004 2966 donum
1013 2899 1181 2992 optimum
1191 2899 1374 2991 tribuente,

248 3042 264 3077 n
281 3037 413 3110 semper
431 3017 578 3114 suscepit
596 3012 778 3086 reverenda
796 3011 1009 3084 charismata.
1020 3013 1106 3102 Quae
1125 3014 1240 3086 duma
1255 3017 1374 3112 primis

238 3155 262 3216 ¹n
280 3127 359 3196 fidei
390 3129 601 3223 temporibus
631 3154 709 3200 cum
740 3153 777 3196 ea
808 3140 974 3222 perstaret
1001 3128 1036 3197 in
1064 3127 1240 3225 religionis
1272 3155 1374 3202 saum

173 3267 175 3272 ·
248 3270 264 3306 α
285 3242 422 3330 unione,
441 3259 476 3314 et
493 3245 535 3313 ab
553 3270 590 3314 ea
604 3244 705 3338 paulo
720 3244 858 3313 distaret
876 3241 985 3338 (quod
1005 3257 1118 3314 tamen
1136 3258 1255 3314 contra
1272 3243 1375 3315 fldem

251 3381 353 3426 «non
374 3358 438 3452 est)
455 3359 491 3428 in
517 3359 706 3430 officiorum
725 3357 965 3448 celebratione,
988 3363 1186 3429 venerandae
1203 3361 1374 3430 memoria

248 3473 440 3569 «genitoris
457 3473 564 3544 nostri
581 3473 794 3544 illustrissimi
808 3473 920 3570 Pipiui
937 3473 1026 3572 regis
1043 3498 1124 3544 cura
1140 3488 1173 3544 et
1195 3474 1374 3578 industria,

247 3586 346 3655 «sive
364 3587 511 3658 adventu
529 3587 701 3659 inGallias
714 3587 913 3658 sanctissimi
938 3586 999 3657 riri
1014 3587 1194 3683 Stephani,
1213 3591 1373 3659 Romanae

249 3700 385 3771 «Urbis
410 3704 587 3794 antistitis,
611 3719 661 3773 est
687 3705 716 3772 ei
741 3703 841 3772 ctiam
869 3703 903 3771 in
932 3699 1095 3796 psallendi
1125 3702 1244 3772 ordine
1269 3729 1373 3802 copu-

251 3846 269 3882 α
281 3815 361 3910 lata,
382 3832 419 3887 nt
441 3844 514 3890 uon
535 3831 623 3890 esset
641 3818 754 3913 dispar
770 3816 854 3888 ordo
874 3815 1037 3914 psallendi
1055 3817 1180 3912 quibus
1194 3831 1267 3888 erat
1283 3843 1373 3889 cour·

251 3957 347 4026 «par
369 3932 454 4002 ordo
473 3932 692 4022 credendi...;
711 3956 771 4003 nec
791 3931 981 4028 sejungeret
999 3930 1189 4001 officiorum
1210 3934 1306 4003 varia
1320 3958 1373 4003 ce·
1474 3967 1475 3970 ¹

250 4072 269 4109 α
283 4043 435 4138 lebratio,
459 4073 544 4147 quas
563 4049 785 4144 conjunxerat
801 4048 907 4119 nnicae
925 4046 1003 4116 fidei
1018 4047 1073 4142 pia
1093 4046 1243 4118 devotio.
1261 4051 1373 4121 »Cum

246 4159 295 4232 ibi
327 4179 497 4237 asseratur
525 4163 698 4238 ecclesiam
729 4163 937 4239 Gallicanam
961 4188 981 4234 a
1009 4167 1161 4234 Romana
1196 4163 1372 4260 paululum

247 4278 450 4379 discrepasse
475 4279 515 4352 r'n
548 4279 744 4376 officiorum
769 4277 1012 4366 celebratione,
1041 4294 1121 4350 eta
1146 4303 1226 4376 rege
1251 4279 1372 4376 Pipinn
1473 4321 1474 4346 i

226 4392 348 4481 ,simul
361 4421 438 4468 cum
455 4399 610 4470 Romano
632 4394 797 4470 Pontifice
810 4393 987 4500 ellectum,
1003 4408 1043 4470 ut
1056 4419 1112 4468 eas
1131 4391 1286 4470 ecclesias
1304 4417 1372 4465 non
1472 4462 1473 4470 ,
