3018 5070
524 381 571 426 nu
596 365 685 427 runs
711 379 917 427 urrunorco.
1260 356 1281 430 5

202 507 300 576 Varii
331 506 507 600 hucusque
533 507 676 601 expositi
703 504 794 576 vocis
822 505 966 600 liturgia
995 531 1123 594 sensus,
1146 506 1283 600 jamdu-

154 621 238 688 dum
263 621 298 687 iu
318 619 574 689 desuetudinem
587 620 755 706 abierunt,
774 618 844 689 sola
865 619 900 688 in
920 644 983 689 usu
1002 615 1197 690 remanente
1219 620 1283 691 alia

151 735 416 829 significatione,
434 760 509 828 quae
538 760 629 804 nunc
648 733 809 830 peculiari
826 760 920 823 cura,
944 735 1099 829 eoquod
1122 735 1164 805 ad
1191 751 1283 806 recte

150 848 442 918 determinandam
473 848 616 945 liturgiae
647 849 878 918 definitionem
906 850 1090 944 plurimum
1118 850 1282 941 conserat,

150 963 352 1058 exponenda
373 965 478 1034 venit.

606 1195 755 1263 CAPUT
779 1197 825 1264 ΙΙ.

177 1439 225 1486 on
239 1437 346 1487 snusu
365 1437 464 1486 vocis
474 1406 668 1504 urrunorn,
683 1439 747 1500 Qut
761 1437 827 1486 usu
846 1439 1024 1488 oausam
1038 1399 1255 1488 annornm

203 1664 238 1733 Si
262 1687 361 1733 usum
385 1661 610 1757 expendamus
633 1662 693 1756 qui
712 1661 906 1756 jamjudum
935 1663 1060 1758 ubique
1082 1663 1283 1758 generaliter

152 1779 317 1867 obtinuit,
340 1779 430 1848 vocis
450 1777 594 1873 liturgiae
605 1777 891 1873 significationem
904 1780 1111 1874 reperiemus
1126 1779 1284 1849 determi-

152 1907 269 1963 natam
292 1894 357 1963 hoc
375 1893 478 1962 modo
497 1917 506 1962 t

208 2007 245 2076 1ὀ
270 2011 345 2076 Jam
367 2007 465 2078 desiit
481 2010 622 2077 omuino
642 2009 800 2104 usurpari
821 2010 864 2079 ad
881 2009 1101 2105 designandas
1124 2033 1180 2077 eas
1199 2007 1283 2077 fun-

152 2121 283 2192 ctiones
302 2119 451 2214 publicas
470 2147 546 2216 quae
566 2122 609 2192 ad
629 2122 827 2217 religionem
835 2147 1010 2192 sacrumve
1025 2121 1154 2191 cultum
1171 2121 1283 2190 nulla·

151 2250 251 2305 tenus
262 2237 447 2330 pertinent.
467 2236 569 2306 Unde
582 2261 699 2306 sensus
719 2235 775 2305 ille
790 2235 850 2330 ¹qui
863 2235 1124 2331 apudprofanos
1144 2235 1283 2305 Graeciae

152 2366 309 2422 auctores
336 2349 418 2419 olim
441 2350 598 2446 frequens
620 2351 695 2441 fuit,
715 2351 786 2444 jam
801 2351 941 2420 omnino
960 2348 1147 2437 obsolevit;
1173 2349 1219 2417 ita
1246 2361 1284 2417 ut

152 2490 216 2561 per
231 2465 414 2562 liturgiam
430 2467 565 2535 nonnisi
586 2491 624 2535 ea
644 2491 718 2560 quae
736 2466 780 2535 ad
799 2491 851 2536 res
873 2491 982 2536 sacras
1005 2480 1159 2563 spectant
1174 2464 1246 2558 jam
1263 2487 1283 2533 a

152 2565 262 2649 multo
280 2595 433 2675 tempore
451 2579 670 2676 intelligenda
686 2581 837 2652 veniant.

203 2726 241 2771 2⁰
265 2705 353 2770 Item
372 2716 500 2771 certum
518 2715 567 2770 est
582 2701 787 2771 obsolevisse
795 2727 894 2771 usum
909 2726 978 2795 quo
998 2726 1064 2771 vox
1083 2700 1230 2797 liturgia
1239 2699 1283 2768 ad

154 2815 398 2909 designandum
420 2831 670 2886 sacrosanctum
687 2816 907 2886 Eucharistiae
924 2817 1123 2898 sacrificium
1140 2816 1282 2884 restrin-

154 2932 298 3026 gebatur
313 2931 430 3025 primis
447 2929 603 3000 Ecclesiae
617 2930 759 3000 saeculis.
773 2929 1111 3000 Jamdudumscilicet
1121 2928 1164 2998 ad
1174 2927 1283 2998 multo

152 3054 250 3150 plura
268 3053 447 3150 appellatio
467 3053 524 3123 illa
543 3069 679 3124 extensa
693 3069 761 3142 est;
782 3055 828 3122 ita
847 3069 897 3140 ut,
916 3053 1029 3147 siquis
1042 3052 1142 3122 hodie
1158 3053 1222 3122 sub
1241 3051 1283 3122 Ιὶ·

153 3171 276 3269 turgt‘ae
298 3171 433 3238 nomine
453 3169 494 3239 de
512 3171 826 3257 mt‘rsodissereret,
842 3185 986 3238 mentem
1007 3170 1112 3263 ipsius
1123 3165 1284 3238 autnullo

152 3294 255 3364 modo
269 3308 329 3364 aut
348 3293 483 3363 nonnisi
498 3293 638 3363 confuse
659 3294 833 3363 audientes
845 3307 1115 3388 assequerentur.

203 3407 242 3478 3⁰
271 3409 342 3478 Sub
373 3407 520 3503 liturgiae
546 3406 774 3502 appellatione
805 3431 980 3500 nunquam
1018 3405 1285 3500 comprehensos

152 3521 253 3591 fuisse
276 3520 388 3597 cultus
412 3521 534 3590 iuterui
558 3536 666 3611 actus,
695 3520 754 3590 sed
777 3545 834 3589 eos
858 3535 991 3590 tautum
1015 3521 1073 3616 qui
1093 3519 1136 3589 ad
1151 3518 1281 3589 cultum

152 3652 329 3706 externum
342 3637 523 3731 pertinent,
533 3635 677 3706 totidem
688 3637 916 3706 monumentis
924 3650 1056 3705 constat
1065 3651 1148 3728 quot
1163 3651 1282 3706 extant

152 3751 195 3821 de
205 3777 241 3820 re
261 3750 417 3846 liturgica
434 3750 651 3844 scriptilibri,
673 3766 773 3846 atque
788 3766 930 3822 exaratae
945 3752 1134 3822 sententiae.
1148 3749 1281 3822 Nullibi

153 3867 279 3961 quippe
291 3865 432 3942 vexilla
452 3865 494 3934 ad
517 3866 753 3962 exprimendos
766 3891 857 3936 mere
867 3867 1017 3936 internos
1032 3865 1152 3936 animae
1164 3890 1284 3936 sensus

152 3995 317 4078 usurpata
338 3981 537 4076 reperietur.

201 4097 240 4180 4⁰
263 4099 339 4164 Imo
358 4119 469 4190 neque
488 4093 531 4164 ad
544 4118 661 4164 omnes
680 4091 791 4164 cultus
806 4095 936 4164 externi
958 4118 1078 4192 praxes
1096 4094 1167 4189 ejus
1177 4093 1281 4189 signi·

155 4337 349 4405 (Onomraticon
362 4339 465 4407 rituale,
479 4358 540 4396 roeo
553 4340 687 4412 hilarata]
696 4338 1189 4412 ;-Grondeolas(rlnoiennesliturgia,
1203 4356 1230 4412 p.
1240 4335 1284 4407 ²³3

156 4425 235 4484 Goori
250 4429 362 4503 (Ritnale
376 4428 527 4487 Graecorum
538 4428 567 4503 (t.
583 4429 649 4506 tp.
665 4427 693 4497 9,
707 4436 767 4484 nota
775 4427 814 4503 8).
