2978 5076
478 351 524 396 DE
548 351 635 398 suna
662 351 871 410 utrunolco.
1168 357 1236 406 221

113 499 131 536 a
151 471 305 540 cumsuis
320 468 464 539 subditis
482 493 523 538 ex
536 469 728 540 rationabili
739 495 852 556 causa,
863 488 899 541 ut
910 471 1103 568 aliquando,
1115 492 1244 548 nonta-

113 615 131 652 1
149 611 226 654 men
241 586 274 654 in
294 599 508 680 perpetuum,
519 610 588 656 nec
599 579 809 680 permodum
821 590 1086 680 constitutionis,
1103 593 1245 662 recitent

112 729 130 766 α
147 700 297 770 officium
309 702 351 770 de
365 699 753 796 sancto,diequacsseut
768 703 940 774 recitaturi
955 705 996 774 de
1009 707 1104 796 feria,
1120 709 1146 778 si
1160 725 1246 804 praa·

113 817 261 884 «sertim
281 815 428 884 mutatio
442 815 502 883 liat
520 814 704 884 secundum
723 816 875 886 rubricas
895 816 983 887 illius
998 820 1156 890 breviarii
1176 847 1244 918 quo

112 963 129 999 a
148 936 231 1030 ipsis
242 932 291 1000 uti
304 929 423 999 licet.»
440 929 580 1025 (Diana,
601 944 698 1000 tract.
713 957 732 1000 a
745 930 787 999 de
802 932 1130 1027 Dispensationlbus,
1146 939 1244 1011 resol.

121 1050 180 1136 51,
197 1065 280 1118 tom.
290 1050 353 1135 Ill,
365 1071 440 1141 pag.
458 1043 543 1135 206,
560 1045 643 1116 edit.
666 1046 825 1142 Lugduni
847 1047 967 1145 1680.)

81 1247 86 1255 q
164 1172 223 1238 ΙΧ.
248 1164 418 1236 Doctrina
437 1163 654 1258 Vosquezii:

166 1311 184 1348 α
205 1287 244 1350 111
261 1281 324 1350 bac
339 1303 391 1366 re,
407 1278 433 1347 si
453 1277 632 1372 loquamur
644 1291 722 1346 ante
735 1278 917 1349 editionem
929 1281 1088 1352 breviarii
1099 1287 1244 1356 Romani

113 1427 130 1464 1
149 1397 241 1484 novi,
257 1397 382 1464 faterer
390 1417 454 1487 ego
464 1415 574 1461 veram
589 1417 661 1462 esse
672 1392 866 1488 opinionem
883 1397 1037 1490 Cajctani
1048 1400 1158 1492 quoad
1169 1401 1248 1492 boc,

115 1545 132 1581 u
154 1527 191 1583 ut
209 1512 268 1606 qui
283 1509 433 1579 offic-ium
449 1513 641 1578 Romanum
663 1510 842 1602 antiquum
863 1512 1021 1581 recitaret
1039 1515 1246 1586 satisfaceret

113 1640 333 1723 «praeopto,
356 1625 488 1704 ,etiamsi
511 1645 579 1693 suae
600 1624 751 1694 dioecesis
772 1626 942 1696 omitteret
970 1628 1123 1699 officium
1148 1655 1156 1701 :
1186 1633 1245 1702 sed

113 1773 129 1807 a
148 1741 286 1812 alterius
305 1738 454 1809 ‹litecesis
473 1763 575 1833 quam
599 1764 678 1828 suaa,
698 1741 811 1810 nescio
826 1767 869 1810 un
895 1741 1010 1835 liceret
1023 1745 1094 1813 sinc
1111 1747 1244 1817 mortali

112 1860 309 1928 «recitare.
346 1861 537 1926 Romanum
564 1857 669 1946 anim,
700 1881 778 1925 cum
799 1873 885 1926 esset
902 1858 1088 1954 fuissetque
1114 1887 1246 1957 semper

114 1971 319 2067 «generale,
343 1995 406 2066 pro
440 1969 537 2039 libito
567 1985 699 2064 potarat
728 1973 804 2065 quis
825 1971 914 2041 illius
939 1973 1091 2044 officium
1117 1977 1245 2049 dicere:

113 2117 129 2152 a
150 2086 215 2158 alia
234 2111 328 2173 vero,
349 2110 425 2154 11100
440 2085 580 2179 judicio,
598 2100 691 2154 extra
714 2084 871 2154 dioeceses
884 2088 951 2154 vim
971 2113 1038 2157 non
1056 2089 1195 2161 babent.

167 2233 185 2269 a
208 2203 313 2272 Modo
338 2216 451 2271 tamen
477 2225 529 2270 res
544 2201 615 2294 jam
637 2200 726 2270 clara
745 2215 808 2288 est,
831 2203 993 2295 quoniam
1008 2205 1087 2273 Pius
1103 2207 1136 2274 V
1153 2231 1245 2276 anno

112 2348 130 2383 a
154 2318 248 2414 1569
271 2317 376 2387 edidit
395 2317 600 2386 breviarium
623 2341 664 2384 ex
685 2316 897 2386 ordinatione
920 2318 967 2387 Pii
988 2323 1035 2390 tv
1055 2335 1089 2388 et
1108 2321 1245 2392 concilii

115 2435 340 2507 «Tridentini
361 2449 393 2504 et
407 2447 501 2501 motu
522 2433 678 2528 proprio,
698 2432 864 2527 jussitque
879 2434 941 2502 sub
953 2450 1089 2528 peccato
1108 2438 1243 2508 mortali

116 2587 133 2622 α
148 2556 264 2625 omnia
283 2553 348 2624 alia
363 2554 528 2622 breviaria
546 2554 719 2646 abrogari,
741 2579 816 2648 quae
840 2555 1030 2649 antiquiora
1048 2581 1117 2627 non
1133 2575 1246 2631 essent

116 2701 132 2733 a
150 2669 412 2739 ducentisannis
422 2693 432 2755 ;
443 2681 477 2736 et
490 2666 739 2735 admittendum
754 2692 823 2736 esse
833 2673 1027 2738 Romanum
1038 2672 1245 2744 breviarium

115 2815 132 2850 a
151 2787 215 2855 sub
238 2783 382 2870 mortali,
410 2783 468 2852 ubi
492 2781 653 2877 praedicta
677 2782 842 2852 breviaria
862 2785 1001 2879 antiqua
1028 2811 1096 2856 non
1120 2805 1243 2863 esseut.

114 2931 131 2966 a
147 2901 251 2970 Unde
272 2900 340 2969 fere
362 2899 432 2992 jam
457 2899 490 2966 in
510 2912 583 2966 toto
610 2899 692 2966 orbe
712 2895 798 2966 illud
820 2897 885 2967 fuit
905 2900 1101 2990 admissum,
1124 2905 1187 2973 nisi
1210 2907 1244 2975 in

115 3016 372 3112 «religionibus
402 3013 605 3108 quibusdam
639 3028 673 3081 et
705 3011 873 3107 aliquibus
902 3013 1061 3086 ecclesiis.
1102 3021 1143 3088 In
1173 3034 1245 3090 tota

115 3163 132 3198 a
155 3147 268 3202 tamen
284 3131 449 3224 Hispania
464 3129 648 3198 admissum
665 3141 728 3198 est.

169 3277 186 3312 α
211 3250 254 3316 Et
276 3245 431 3315 concedit
446 3247 548 3334 (Pius
566 3248 613 3338 V)
627 3257 663 3312 ut
677 3242 718 3312 de
741 3267 906 3313 consensu
928 3247 1085 3340 Episcopi
1104 3263 1135 3316 et
1155 3251 1246 3344 capi·

116 3393 132 3428 a
152 3362 218 3432 tuli
235 3361 365 3430 admitti
389 3361 495 3455 possit
517 3359 643 3452 ubique
665 3371 848 3447 terrarum,
871 3359 972 3428 etiam
991 3361 1047 3429 ubi
1062 3376 1142 3431 sunt
1156 3366 1246 3433 auti·

115 3509 131 3543 a
149 3479 268 3572 (priora
291 3475 347 3546 illa
360 3474 525 3545 breviaria
540 3474 693 3542 ducentis
708 3473 853 3543 annis...

169 3623 187 3659 α
211 3593 442 3664 Certissimum
458 3607 569 3660 tamen
584 3604 645 3678 est,
663 3615 703 3658 ex
718 3603 813 3658 motu
825 3589 977 3684 proprio,
996 3591 1163 3664 breviaria
1177 3619 1246 3664 non

118 3710 347 3803 «antiquiora
370 3707 523 3777 ducentis
550 3708 662 3794 annis,
685 3707 730 3774 ita
757 3730 828 3775 esse
853 3707 1026 3802 abrogata,
1046 3724 1084 3780 ut
1108 3707 1246 3780 illorum

119 3853 136 3888 a
156 3823 279 3893 officiis
293 3823 445 3893 satisfieri
461 3849 530 3892 non
543 3823 839 3919 possitpraecepto.
851 3850 867 3890 1
881 3819 1067 3920 (vasquez,
1083 3825 1247 3921 opuscula

118 3937 272 4025 aaroralia,
292 3940 334 4008 110
342 3938 533 4027 Beneficiis,
548 3961 621 4032 cap.
636 3946 671 4025 b,
688 3952 753 4007 art.
774 3963 810 4027 a,
830 3963 865 4007 n.
887 3938 932 4011 56
949 3953 983 4008 et
1001 3935 1075 4036 57.)

167 4059 211 4126 X.
238 4055 414 4124 Doctrina
432 4051 574 4152 AEgatii
589 4051 800 4124 Trottenetz:

172 4201 190 4236 a
213 4169 396 4260 Quodnam
422 4168 526 4240 oflicii
547 4193 653 4263 genus
676 4167 906 4240 adhibendum
925 4173 967 4242 sit
993 4175 1026 4242 iu
1048 4176 1248 4248 recitatione

119 4315 138 4350 a
158 4286 321 4358 horarum
349 4286 619 4358 canonicarum?
655 4327 705 4340 -·-
744 4287 830 4356 Dico
867 4289 976 4382 primo
1004 4315 1012 4358 :
1042 4315 1160 4360 omnes
1188 4295 1246 4388 qui

119 4429 138 4466 a
158 4401 200 4470 ad
225 4401 324 4472 boras
355 4403 532 4474 canonicas
560 4401 747 4472 recitandas
771 4400 933 4499 adscripti
959 4419 1052 4495 sunt,
1085 4419 1248 4478 tenentur
