2982 5072
503 365 548 410 nr
574 365 662 412 June
687 365 899 413 nrrurerco.
1190 343 1255 416 rdr

131 489 328 586 Apostolica
346 489 448 560 alicui
466 491 686 562 cardinalium
707 493 964 588 congregationi
983 493 1190 568 ordinariam
1204 521 1263 566 re*

129 604 285 702 gulandae
312 604 457 701 liturgiae
476 622 675 700 potestatem
703 609 882 696 committi,
898 633 998 676 nemo
1022 608 1152 680 inficias
1178 609 1258 682 ibit.

129 723 218 792 Cum
238 721 331 790 enim
348 745 448 813 penes
476 725 669 790 Romanum
693 721 892 792 Pontificem
913 725 1075 815 resideat,
1097 739 1136 794 ut
1159 747 1261 820 supra

129 836 367 936 probavimus,
379 859 576 930 supremum
591 837 626 906 in
635 836 808 907 universas
820 837 975 910 ecclesias
981 840 1038 935 jus
1051 839 1264 935 liturgicum,

129 950 276 1026 liberum
304 951 458 1047 prolecto
476 950 526 1021 illi
546 952 613 1022 fuit
634 953 691 1046 jus
709 954 800 1022 istud
818 953 870 1024 vel
891 979 1004 1049 perse
1022 957 1134 1050 ipsum
1163 980 1261 1026 exer-

129 1091 219 1156 cerc,
235 1067 291 1138 vel
302 1065 473 1162 aliquibus
485 1068 567 1138 viris
581 1093 659 1138 cum
674 1083 840 1163 potestate
849 1069 1021 1138 ordinaria
1032 1070 1260 1143 exercendum

130 1184 352 1254 committere.
410 1243 416 1252 .
1218 1245 1224 1254 .

175 1300 232 1366 De
249 1297 340 1368 facto
357 1313 472 1370 autem
490 1299 536 1368 ita
565 1297 714 1368 decrevit
741 1298 835 1368 sedes
864 1297 1078 1393 Apostolica3
1107 1300 1259 1371 tribunal

129 1435 263 1506 nempe,
277 1413 449 1484 ordinaria
466 1410 632 1508 potestat'e
655 1414 744 1483 circa
771 1439 823 1483 res
846 1413 1021 1510 litui-gicas
1039 1416 1258 1510 instructum,

129 1529 246 1598 erexit.
265 1529 372 1622 Cujus
390 1529 589 1602 universalis
609 1533 643 1598 iu
658 1530 723 1600 hac
743 1556 778 1598 re
793 1531 988 1623 jurisdictio
1002 1531 1050 1600 ita
1070 1558 1088 1600 a
1110 1533 1212 1601 Sexto
1230 1537 1255 1604 V

129 1642 483 1716 determinassem«
505 1646 669 1739 Quinque
696 1646 813 1716 itidem
837 1646 1023 1717 cardinales
1049 1647 1260 1742 delegimuS,

132 1759 292 1853 aquibus
320 1759 390 1828 ltaec
409 1760 577 1854 praecipue
600 1783 682 1830 cura
697 1760 896 1830 incumbere
920 1761 1044 1831 debeat
1067 1778 1106 1831 ut
1128 1779 1262 1834 veteres

132 1900 148 1942 u
165 1875 255 1944 ritus
277 1875 377 1962 sacri,
401 1875 512 1944 ubivis
537 1873 703 1962 locorum,
724 1877 759 1944 in
786 1876 946 1945 omnibus
964 1877 1069 1945 Urbis
1099 1879 1261 1972 orbisque

131 2018 149 2054 n
165 1987 336 2071 ecclesiis,
354 1990 455 2058 etiam
489 1990 524 2058 in
555 1989 684 2086 capella
715 2005 836 2060 nostre
861 1990 1059 2085 pontificia,
1079 1992 1115 2062 in
1134 1994 1260 2083 missis,

131 2130 148 2175 u
164 2105 291 2206 divinis
303 2104 437 2193 officiis,
445 2120 734 2174 sacramentorum
745 2104 1053 2195 administratione,
1063 2106 1265 2200 caeterisque

130 2248 149 2283 n
166 2220 209 2288 ad
220 2221 374 2289 divinum
388 2219 517 2289 cultum
528 2220 777 2314 pertinentibus
791 2245 810 2288 a
825 2219 999 2312 quibusvis
1011 2221 1163 2313 personis
1179 2219 1258 2289 dili·

132 2365 149 2402 u
166 2350 287 2432 genter
309 2337 549 2424 observentur3
562 2337 782 2420 caeremonia,
800 2335 827 2404 si
845 2331 1064 2425 exoleverint,
1082 2337 1265 2404 restituar·-

131 2465 241 2538 «tur3
261 2451 288 2520 si
309 2452 498 2546 depravatae
519 2451 666 2540 suerint,
700 2450 945 2536 reformentur3
972 2449 1075 2520 libros
1094 2451 1137 2520 de
1156 2452 1261 2522 sacris

131 2569 291 2638 «ritibus
311 2584 345 2638 et
364 2570 584 2656 ceremoniis,
606 2569 763 2662 inprimis
783 2567 991 2664 pontificale,
1007 2568 1141 2660 rituale,
1160 2595 1258 2640 caere·

132 2712 148 2749 c
166 2683 327 2772 moniale,
343 2701 445 2778 prout
465 2710 549 2782 opus
567 2684 672 2753 fuerit
687 2684 872 2754 reforment
893 2700 925 2754 et
933 2685 1114 2755 emendent
1127 2686 1259 2774 ;oslicia

132 2829 149 2866 α
166 2799 283 2870 divina
297 2799 469 2870 desanctis
484 2801 634 2895 patronis
649 2801 853 2889 examinent,
864 2815 897 2868 et
906 2800 1013 2873 Nobis
1024 2801 1116 2894 prius
1124 2799 1257 2871 consul·

131 2943 149 2980 u
168 2915 428 2986 tiscoucedaut·
451 2914 661 3010 Diligentem
676 2941 813 3010 quoque
828 2941 944 2984 curam
959 2915 1141 2984 adhibeant
1168 2915 1258 2984 circa

131 3057 148 3094 α
163 3045 363 3100 sanctorum
380 3031 685 3118 canonizationem,
693 3030 925 3124 lectorumque
940 3029 1072 3099 dierum
1084 3027 1267 3119 celebritasv

132 3168 149 3214 u
166 3159 277 3216 tem...
290 3145 547 3216 Controversias
561 3143 602 3212 de
613 3144 836 3238 praecedentia
856 3145 890 3212 in
909 3144 1182 3241 processionibus
1197 3158 1259 3215 aut

132 3287 150 3324 u
166 3257 263 3347 alibi,
277 3273 481 3352 ceterasque
491 3259 524 3328 iu
539 3258 736 3352 hujusmodi
749 3259 852 3328 sacris
871 3259 991 3328 ritibus
1004 3274 1039 3328 et
1048 3258 1264 3329 caeremoniis

130 3375 355 3446 «incidentes
374 3373 815 3469 difficultatescoguoscant,
825 3375 1007 3451 summarie
1028 3376 1211 3444 terminent
1225 3388 1258 3442 et

131 3519 149 3558 a
171 3505 407 3585 componant»
420 3488 531 3585 (Bulla
543 3493 736 3578 Immensae,
745 3489 932 3559 Bullatium
945 3495 1153 3577 Romanum,
1172 3487 1253 3558 edit.

128 3603 441 3702 Coequelinesdib.
458 3608 495 3692 Δ,
511 3619 603 3702 part,
618 3608 653 3696 Δ,
670 3630 747 3701 pag.
762 3603 859 3699 365).
873 3609 924 3674 Ex
941 3602 1006 3674 illis
1017 3619 1129 3674 autem
1147 3603 1266 3674 verbis-

127 3736 221 3818 patet
236 3746 365 3792 sacram
380 3721 687 3816 Congregationem
703 3723 831 3791 rituum
857 3722 946 3791 circa
963 3718 1071 3790 multa
1092 3721 1142 3790 ad.
1153 3719 1257 3789 litur-

128 3838 219 3935 giam
231 3837 435 3933 pertinentia
453 3836 555 3908 luisse
567 3863 685 3930 reuera
702 3835 885 3907 universali
899 3851 1067 3933 potestate
1077 3859 1136 3905 seu
1152 3833 1260 3930 juris»

127 3954 278 4024 dictione
307 3954 518 4024 instructam.
546 3950 608 4022 llle
624 3954 714 4023 enim
734 3937 958 4024 universalem
972 3951 1076 4026 habet
1097 3950 1187 4020 circa
1204 3969 1259 4022 res

127 4067 303 4166 liturgicus
317 4069 602 4164 jurisdictionem,
615 4071 677 4166 ⁸qui
692 4071 727 4138 in
740 4083 813 4138 toto
825 4069 909 4138 orbe
919 4065 1261 4164 potestdifficultatcs

128 4187 245 4284 qimad
276 4188 361 4256 ritus
379 4202 412 4256 et
426 4186 640 4258 ceremonias
672 4187 875 4282 cognoscere
894 4201 927 4256 et
943 4186 1138 4274 terminare,
1154 4183 1262 4258 libros

128 4299 307 4400 liturgicus
322 4319 424 4399 prout
446 4318 680 4400 opportunum
704 4304 943 4373 existimaverit
960 4299 1138 4372 emundare
1151 4312 1186 4366 ct
1202 4317 1260 4366 re·

127 4416 290 4511 formare,
304 4435 341 4490 et
357 4419 638 4519 ubivis‘locorum
651 4420 794 4492 delinire
810 4420 952 4514 quinam
974 4415 1160 4506 tenendus,
1181 4408 1263 4506 quis
