2978 5076
238 325 308 372 ata
693 325 904 374 TRAGTATUS

229 484 255 520 a
272 469 304 532 et
336 478 407 548 pcr.
427 477 637 546 consequens
660 452 695 522 in
721 477 759 522 ea
780 452 995 548 dispensare;
1021 453 1109 524 sicut
1132 468 1168 522 et
1185 453 1362 528 instituere

236 599 254 636 a
272 593 375 639 novas
392 569 600 659 festivitates,
621 567 664 638 ad
683 591 767 661 quas
782 568 937 662 sequitur
954 568 1123 638 ordinatio
1141 571 1220 640 novi
1242 571 1359 642 officii.

233 715 252 752 a
270 685 336 756 Sed
353 701 429 779 post
444 685 572 755 editum
591 709 611 753 a
633 685 694 756 Pio
706 684 826 779 quinto
838 684 1042 754 breviarium
1058 701 1092 756 et
1105 684 1358 782 promulgatum

232 829 250 866 a
269 825 347 870 oum
366 799 459 870 bulla
482 799 590 880 eidem
612 799 759 893 prefixa,
777 819 839 892 per
867 824 970 892 quam
990 799 1080 870 idem
1102 801 1268 884 Pontifex,
1296 829 1358 896 pro

232 940 397 986 asumma
422 939 482 984 sua
506 914 722 1001 auctoritate,
752 912 853 982 talem
879 915 1147 986 immutationem
1173 917 1293 1003 vetuit,
1324 934 1359 988 et

231 1033 424 1124 «pracepit
448 1044 486 1099 ut
506 1055 624 1101 omnes
639 1028 754 1099 clerici
779 1030 815 1116 in
835 1043 907 1100 toto
926 1030 1010 1100 orbe
1031 1030 1217 1100 christiano
1236 1055 1357 1102 secun·

231 1145 346 1215 «dum
367 1145 547 1218 formulam
562 1148 598 1216 in
615 1169 656 1215 eo
680 1144 847 1214 breviario
868 1146 1027 1240 positam,
1047 1146 1152 1236 ¹boras
1178 1146 1357 1216 canonicas

231 1264 447 1332 «recitarent
473 1260 636 1356 (exceptis
656 1261 696 1332 iis
717 1262 778 1354 qui
801 1285 863 1355 per
895 1261 1058 1332 breviaria
1086 1277 1165 1330 ante
1193 1261 1356 1334 ducentos
1464 1345 1467 1352 ¹

227 1407 244 1442 «
268 1400 376 1448 annos
396 1379 581 1473 composita
600 1392 635 1446 ct
656 1377 842 1470 approbata
865 1377 1078 1473 recitabant),
1102 1376 1259 1473 predicta
1273 1379 1356 1472 Epi·

226 1517 442 1588 «scoporuru
465 1506 612 1588 potestus
632 1515 790 1586 suspensa
812 1506 876 1581 est,
898 1506 1037 1586 propter
1057 1492 1183 1562 abusus
1207 1517 1352 1586 quorum

223 1635 242 1674 a
263 1609 301 1678 fit
320 1610 448 1678 mentio
465 1608 500 1676 iu
526 1606 642 1686 eadem
667 1603 772 1676 bulla.
803 1609 852 1675 lta
877 1621 915 1676 ut
931 1604 1046 1676 clerici
1067 1605 1180 1702 quoad
1209 1608 1353 1698 formam

225 1753 243 1789 a
263 1722 419 1794 breviarii
435 1720 631 1791 servandam
650 1723 684 1789 in
701 1721 901 1790 recitatione
918 1721 1079 1792 horarum
1095 1723 1350 1812 canonicarum,

224 1867 243 1903 a
258 1837 411 1931 jamnon
429 1850 606 1906 teneantur
625 1849 662 1903 ut
681 1850 779 1904 antea
804 1833 877 1930 lege
899 1833 1035 1930 speciali
1055 1838 1107 1906 sui
1123 1836 1282 1932 Episcopi
1298 1836 1351 1906 vel

226 1983 243 2018 «
262 1951 534 2046 Arclricpiscopi,
549 1950 604 2020 sed
617 1949 796 2019 universali
816 1951 948 2020 Summi
967 1951 1160 2039 Pontificis,
1177 1976 1278 2045 quam
1299 1953 1351 2021 in·

223 2097 240 2131 n
257 2067 358 2136 ferior
375 2065 490 2136 tollere
500 2091 566 2134 nou
580 2079 691 2159 potest
709 2061 927 2132 neclinritnre
939 2091 957 2128 s
971 2065 1061 2160 (loco
1076 2063 1194 2156 citato,
1206 2065 1248 2136 n⁰
1267 2091 1350 2164 171,

222 2195 307 2252 torn.
326 2185 371 2266 Π,
389 2205 465 2276 pag.
484 2205 562 2267 rao,
576 2180 680 2248 editio
698 2179 860 2274 Lugduni
886 2180 1008 2276 1616).

270 2299 335 2365 Ill.
353 2297 522 2364 Doctrina
536 2295 873 2366 Salmanticenstirm
890 2323 898 2366 :

269 2438 285 2472 a
303 2411 421 2498 Quam
431 2409 588 2480 breviarii
601 2410 1033 2505 lormnrnteueantursequi
1045 2413 1102 2506 qui
1111 2412 1234 2483 debent
1247 2415 1348 2486 horas

220 2554 237 2590 a
257 2525 436 2594 canonicas
446 2539 513 2592 tam
525 2525 560 2592 in
574 2525 744 2594 communi
757 2549 857 2619 quam
869 2525 904 2593 iu
918 2524 1113 2620 particulari
1129 2528 1269 2600 recitare
1284 2531 1348 2600 l·-

217 2671 233 2706 e
256 2640 307 2710 Ad
325 2637 511 2735 principale
524 2639 625 2733 hujus
639 2643 755 2734 puncti
770 2643 947 2734 quaesitum
959 2644 1200 2739 respondemus
1220 2673 1229 2715 τ
1252 2649 1347 2741 quod

217 2786 234 2820 a
255 2771 332 2852 post
351 2769 481 2824 motum
505 2756 680 2850 proprium
695 2757 730 2826 S.
749 2759 845 2826 PiiV
863 2757 924 2851 qui
937 2758 1083 2829 habetur
1100 2761 1197 2830 initio
1212 2762 1345 2833 brevia-

219 2901 235 2936 a
256 2873 310 2959 rii,
341 2885 375 2940 et
402 2869 505 2940 alium
531 2871 689 2966 Gregorii
708 2875 792 2942 Xlll
818 2875 876 2967 qui
895 2875 1040 2946 habetur
1064 2877 1160 2946 initio
1179 2878 1345 2972 festorum

215 3015 234 3050 a
252 2987 435 3082 Hispaniae,
449 2984 731 3056 tenenturornnes
744 2986 972 3080 ecclesiastici,
985 3006 1054 3060 tam
1062 2991 1231 3088 regulares
1241 3019 1344 3088 quam

217 3131 233 3166 e
255 3098 442 3186 seculares,
460 3101 554 3194 sequi
575 3101 717 3171 formam
740 3103 897 3173 breviarii
919 3109 1084 3196 Romani;
1104 3110 1249 3202 exceptis
1263 3108 1343 3180 reli·

217 3216 412 3310 e-gionibus
435 3229 468 3284 et
490 3215 637 3286 ecclesiis
662 3243 745 3311 quas
769 3233 899 3289 constat
916 3220 1073 3292 habuisse
1097 3224 1241 3317 speciale
1268 3227 1343 3298 bre·

213 3359 230 3396 e
248 3331 390 3403 riarium
413 3356 473 3426 per
503 3330 665 3426 ducentos
690 3358 797 3403 nnrros
820 3352 898 3404 autc
920 3336 1167 3408 institutionem
1199 3341 1341 3436 hujusa

212 3477 229 3512 a
246 3451 280 3518 S.
298 3447 360 3517 Pio
379 3450 407 3516 V
429 3448 593 3541 recogniti
615 3463 649 3517 et
667 3449 851 3538 erneudati,
872 3465 910 3520 ut
933 3467 1066 3524 constat
1084 3457 1211 3550 exejus
1226 3457 1338 3529 bullis.

263 3591 280 3626 a
294 3565 421 3630 Atvero
440 3562 468 3630 si
487 3561 625 3632 ccclesia
643 3563 858 3653 cathedralis,
879 3565 1072 3663 collegialis,
1097 3587 1156 3641 aut
1176 3574 1339 3666 regularis

218 3707 235 3743 α
252 3701 327 3772 quae
342 3677 508 3747 habuerat
524 3678 729 3748 breviarium
739 3695 817 3752 ante
832 3681 1115 3776 ducentostauuos
1132 3686 1216 3758 illud
1233 3689 1339 3760 reliu-

214 3821 232 3857 a
252 3817 357 3884 quere
380 3789 492 3880 vellet,
515 3808 550 3862 et
573 3817 609 3862 se
627 3818 704 3864 curn
724 3799 879 3890 Romano
907 3798 1130 3896 conformare,
1154 3803 1219 3872 hoc
1238 3804 1337 3874 debet

210 3906 316 3974 «ficri
345 3931 422 3974 cum
449 3931 614 3978 consensu
633 3906 770 4001 capituli
799 3925 835 3980 et
863 3911 1045 4005 superioris
1067 3911 1169 3983 illins.
1202 3917 1240 3984 Si
1257 3941 1336 3986 vero

210 4050 227 4084 a
246 4045 344 4098 suum
359 4021 504 4090 retinere
513 4019 596 4090 velit
612 4035 644 4090 et
658 4025 849 4094 Romanum
862 4050 931 4094 non
945 4027 1108 4122 accipere,
1125 4029 1334 4124 probabilius

211 4163 227 4200 a
248 4135 403 4226 ducimus
427 4134 565 4206 clericos
595 4150 629 4206 et
650 4135 822 4233 regulares
839 4140 997 4234 privatim
1018 4144 1209 4233 recitantes,
1227 4173 1332 4240 posse,

210 4281 227 4318 a
248 4251 275 4322 si
293 4251 411 4341 velint,
431 4250 482 4321 vel
498 4251 639 4322 recitare
658 4251 844 4324 secundum
865 4254 1072 4330 breviarium
1090 4285 1158 4330 suae
1172 4262 1329 4347 eeclesiae,

205 4396 221 4433 a
245 4366 296 4438 vel
318 4367 505 4438 secuudum
526 4371 758 4464 Romanum...
785 4395 803 4440 u
1150 4359 1155 4368 ⁶
