3018 5070
242 357 283 430 16
691 375 901 425 nascamus
925 409 928 414 .

232 504 404 575 historica.
426 508 482 590 De,
500 518 633 598 quout
650 529 758 574 unum
784 503 902 574 saltem
925 501 1117 600 exemplum
1142 529 1358 606 promamus,

232 619 328 691 initia
348 619 531 688 recolamus
547 620 734 690 schismatis
753 617 894 714 Angtiae.
912 619 1031 688 Statim
1051 644 1091 689 ac
1107 621 1208 716 coepit
1230 624 1359 693 obscu-

231 734 353 805 rari-in
367 760 406 806 ca
429 735 567 829 regione
580 733 664 804 fides
680 735 721 803 de
743 733 824 803 reali
851 734 977 804 Christi
1000 735 1035 802 in
1056 737 1266 806 sanctissimo
1284 741 1360 807 Eu-

231 847 396 919 charistia.
420 861 633 918 sacramento
651 847 851 941 praeseutia,
872 845 944 940 jam
972 845 1192 919 intolerabilis
1209 852 1281 922 visa
1308 869 1360 924 est

230 962 376 1059 liturgiae
399 967 560 1032 Romanae
583 964 618 1031 in
641 963 722 1031 dicti
747 961 948 1031 sacramenti
971 961 1267 1035 administratione
1289 968 1359 1038 fon

227 1081 341 1168 mula,
364 1085 495 1176 Corpus
512 1081 661 1150 Domini
682 1080 797 1148 nostri
811 1083 894 1147 Jesa
913 1076 1047 1148 Christi
1069 1078 1246 1150 custodiat
1276 1087 1356 1154 arii·

227 1219 325 1266 mam
340 1212 439 1265 tuom
450 1197 488 1264 in
505 1197 622 1265 vitam
640 1210 822 1264 aeternam.
836 1195 908 1264 Nec
923 1192 1025 1262 etiam
1042 1193 1123 1264 ferri
1137 1197 1249 1289 potuit
1267 1201 1357 1270 sati-

226 1311 386 1404 quissima
405 1333 480 1402 quae
494 1322 546 1378 tot
564 1308 693 1378 sacculis
705 1307 797 1403 apud
816 1307 991 1376 Orientem
1011 1307 1168 1402 viguerat
1187 1309 1361 1402 tenuata,-

229 1429 362 1519 Corpas
388 1421 540 1507 etitem
563 1422 606 1491 ad
630 1445 704 1515 quae
725 1422 827 1490 verba
851 1421 1107 1490 communicans
1126 1421 1358 1517 respondebat

224 1545 351 1609 Amen.
367 1540 422 1606 Ea
439 1535 565 1606 scilicet
581 1559 680 1605 voces
695 1535 920 1629 nimisapcrte
932 1535 1166 1629 exprimebant
1179 1542 1360 1610 transsub·=

224 1652 454 1724 stantiationis
472 1651 615 1745 dogma,
632 1649 727 1744 quod
748 1649 812 1717 sub
836 1648 998 1718 Eduardo
1019 1651 1070 1719 vl
1096 1675 1114 1719 a
1136 1651 1252 1722 multis
1273 1655 1352 1748 reji-

224 1767 386 1838 ciebatur.
408 1770 531 1835 Atvero
554 1787 632 1833 cum
654 1764 756 1832 etiam
777 1787 846 1832 non
869 1763 968 1856 pauci
987 1763 1098 1834 adhuc
1113 1765 1237 1861 dogma
1261 1768 1351 1838 idem

224 1880 368 1950 firmiter
382 1881 590 1966 retinerent,
607 1894 646 1948 ut
660 1878 792 1948 cunetis
810 1877 907 1946 fieret
923 1878 1021 1964 satis,
1038 1881 1222 1974 excogitari
1234 1881 1353 1952 debuit

224 1994 385 2081 formula,
405 1991 450 2062 ita
478 1992 591 2087 quoad
615 2017 750 2062 sensum
777 1991 1057 2080 indeterminata,
1079 2009 1117 2063 ut
1138 2019 1211 2064 eam
1238 2012 1351 2091 possm

222 2125 366 2203 utraque
384 2133 461 2204 pars
486 2109 522 2176 in
539 2133 673 2178 sensum
694 2131 792 2177 suum
813 2131 910 2201 aeque
930 2107 1079 2177 trahere.
1097 2111 1182 2198 Quas
1203 2110 1351 2183 formula

222 2226 389 2321 reperitur
406 2226 441 2293 in
458 2224 567 2318 prima
583 2223 748 2308 editione,
767 2224 848 2292 anni
861 2221 988 2292 seilicet
1006 2222 1096 2320 1547
1111 2275 1121 2314 ,
1139 2227 1206 2294 hoc
1224 2228 1349 2297 modo:

224 2343 356 2436 Corpus
369 2338 516 2408 Domini
525 2337 640 2406 nostri
657 2342 741 2406 Jesa
759 2335 892 2407 Christi
906 2334 1004 2434 qaod
1012 2361 1082 2433 pro
1094 2353 1128 2408 te
1143 2336 1345 2426 detumeat,

221 2453 395 2527 custodiat
407 2477 533 2549 eorpus
547 2466 583 2521 et
594 2453 755 2522 animam
772 2467 870 2522 taam
884 2453 923 2522 in
933 2454 1050 2523 vitam
1061 2467 1240 2523 aeternam.
1257 2459 1350 2526 San·

217 2572 299 2668 gais
319 2575 366 2638 D.
383 2572 427 2639 N.
442 2571 476 2637 J.
494 2570 533 2638 C.
555 2568 696 2664 qttipro
709 2583 742 2636 te
755 2565 980 2661 effascinet,
993 2565 1168 2638 casmdr'rrt
1187 2571 1348 2640 animem

221 2699 320 2754 taam
335 2684 373 2752 in
386 2684 502 2752 vitam
516 2696 696 2750 aetemam.
709 2681 972 2750 Praevalentibus
985 2693 1101 2775 postea
1112 2683 1151 2752 irs
1167 2685 1226 2778 qui
1239 2699 1348 2754 trans-

220 2796 494 2869 substantiationi
514 2820 584 2865 non
603 2795 809 2884 credebant,
835 2794 981 2866 formula
1004 2795 1047 2864 ad
1065 2821 1185 2867 eorum
1198 2813 1348 2870 mentem

221 2926 327 2982 tracta
340 2927 409 3001 est,
424 2925 458 2980 et
473 2910 627 2981 secundae
640 2909 781 2980 editioni
792 2911 839 2978 sic
851 2911 977 2980 inserta
992 2935 1000 2978 a
1016 2912 1148 3006 Accipe
1159 2927 1194 2981 et
1206 2911 1347 2984 moade

219 3023 315 3097 istud
331 3028 368 3094 in
384 3024 662 3095 recordationem
680 3022 850 3121 quodpro
867 3038 901 3093 tc
922 3023 1081 3095 Christus
1093 3042 1252 3097 nmmum
1271 3045 1348 3118 est,

219 3158 255 3211 et
266 3145 369 3224 nutri
387 3157 420 3210 te
441 3165 487 3210 ex
505 3164 546 3209 eo
571 3140 608 3208 in
630 3137 733 3208 corde
753 3153 811 3208 tao
828 3139 1029 3234 perfidem
1052 3165 1131 3212 cam
1146 3143 1346 3238 gratiaram

218 3259 369 3327 actione.
396 3252 484 3325 Bibe
502 3252 570 3322 hoc
594 3255 632 3322 in
650 3250 927 3322 recordationem
943 3253 1043 3350 qaod
1060 3280 1129 3350 pro
1147 3272 1182 3326 te
1197 3260 1345 3356 sangnis

221 3370 353 3441 Christi
380 3367 517 3464 effusus
545 3381 620 3457 est,
648 3381 684 3436 et
695 3368 836 3466 gratias
858 3392 937 3466 age.
965 3373 1006 3438 ln
1029 3393 1131 3462 quam
1160 3373 1343 3443 novitatem

219 3509 295 3554 cum
325 3483 422 3555 multi
450 3483 859 3553 transsubstantiationem
890 3482 1105 3554 admittentes
1130 3486 1344 3558 vehementer

218 3599 452 3691 insurgerent,
478 3596 522 3666 ad
552 3596 715 3666 sedandas
743 3595 817 3666 lites
845 3611 880 3668 et
918 3597 1148 3668 conciliandos
1186 3601 1341 3690 animos,

218 3724 362 3804 utraque
386 3708 553 3798 formula,
573 3710 666 3804 prior
682 3733 803 3803 nempe
826 3724 859 3778 et
880 3710 952 3779 haec
969 3712 1159 3805 posterior,
1184 3713 1220 3781 in
1239 3737 1341 3784 unam

215 3827 340 3920 junctae
359 3831 460 3913 sun't,
480 3825 535 3896 cui
560 3826 738 3920 utriusque
764 3827 871 3922 partis
892 3828 1180 3897 communicantes
1205 3853 1342 3924 respon·

216 3939 340 4008 debant
353 3947 482 4030 Amen,
497 3964 572 4009 eam
583 3939 619 4009 in
633 3964 695 4010 suo
710 3942 854 4034 quisque
865 3964 964 4010 sensu
976 3941 1245 4037 interpretantes.
1259 3946 1340 4033 Quo

217 4080 258 4125 es
282 4055 397 4124 maritis
417 4055 565 4125 adducto
588 4055 744 4151 exemplo
767 4056 847 4126 satis
871 4057 1159 4149 patetquomodo
1183 4081 1280 4128 error
1297 4084 1339 4132 ax

215 4169 361 4264 quadam
374 4172 569 4240 necessitate
583 4172 618 4240 in
634 4170 809 4263 liturgiam
823 4183 970 4240 transeat
980 4221 990 4255 ,
1001 4185 1036 4242 et
1049 4172 1084 4240 iu
1099 4195 1139 4242 ea
1151 4174 1340 4244 tumintro·

214 4285 383 4354 ductionis
403 4311 492 4374 suae,
517 4300 589 4355 tum
607 4307 848 4379 progressuum
867 4298 901 4352 et
919 4286 1144 4356 sanationum
1161 4287 1337 4360 historiam

213 4412 246 4468 et
264 4399 360 4492 quasi
379 4397 528 4494 sigilium
541 4397 635 4494 figat.
655 4401 770 4468 Potest
784 4395 921 4492 quidem
935 4396 1101 4472 catholica
1127 4396 1239 4498 aliqua
1257 4423 1336 4494 par·
