3004 5070
493 371 540 416 DE
563 371 654 420 tutta
677 374 887 436 tumtun.
1178 371 1253 450 299

127 527 145 564 u
160 497 284 570 debeat
305 498 351 571 ab
376 498 417 572 iis
445 498 507 593 qui
524 523 644 570 curam
671 501 864 575 animamur
883 517 1031 598 gerum,
1047 499 1252 597 spostolicae

121 613 245 698 usedis
264 615 465 692 auctoritate
486 615 685 712 prodirent3
706 617 751 686 ad
773 621 871 711 eujus
892 618 1072 693 voluminis
1093 621 1250 716 prescri-

125 761 141 792 «ι
158 746 265 826 ptum,
282 732 317 799 in
338 745 432 800 tanta
449 730 626 831 ritualium
646 731 882 823 multitudiue,
899 760 960 807 sua
979 731 1028 806 illi
1046 735 1248 824 ministeria,

123 875 143 910 u
155 859 317 940 tanquam
329 843 376 914 ad
389 845 560 939 publicam
582 862 618 916 et
627 847 841 941 oluignatam
863 873 1016 923 normam
1033 865 1248 943 peragerent,

123 991 140 1026 n
156 985 292 1056 unoque
314 985 353 1032 ao
382 960 474 1034 fideli
496 962 601 1034 ductu
623 963 792 1036 inoffenso
822 963 906 1059 pede
931 962 1144 1036 ambularent
1169 989 1248 1037 cunt

122 1099 360 1148 «cousensu...
394 1077 615 1173 Quapropter
647 1078 827 1154 hortamur
858 1081 892 1150 in
922 1081 1073 1174 Domino
1109 1104 1250 1150 venera·

121 1221 139 1256 o
154 1191 239 1266 biles
265 1191 387 1263 fratres
411 1194 647 1282 Petriarchas,
674 1195 979 1290 Arcbiep‘ucopos,
1001 1182 1190 1288 Episcopos⁴
1213 1208 1249 1264 et

121 1337 139 1372 n
153 1301 292 1380 dilectos
308 1305 397 1380 filios
419 1334 540 1380 eorum
563 1309 720 1396 vicarios,
739 1336 886 1384 necnon
906 1308 1059 1397 abbates,
1080 1294 1250 1406 parochos

116 1423 349 1508 ‚nunirersom
370 1423 497 1516 ubique
517 1423 670 1497 locorum
697 1426 892 1509 existentes,
921 1441 958 1495 et
983 1421 1067 1494 alios
1094 1423 1137 1494 etl
1162 1447 1249 1517 quos

118 1565 138 1602 u
151 1552 294 1630 spectat,
322 1539 414 1609 utin
442 1553 617 1632 posterum
630 1554 792 1634 tanquam
818 1538 972 1608 Ecclesiae
992 1543 1153 1610 Romane
1175 1533 1249 1626 filii,

116 1652 300 1746 «ejusdem
317 1651 476 1724 Ecclesiae
496 1656 649 1724 omnium
669 1655 785 1726 matris
806 1670 840 1724 et
860 1655 1027 1748 magistre
1043 1654 1248 1727 auctoritate

117 1769 335 1838 «constituto
354 1766 470 1838 rituali
487 1769 521 1838 in
544 1771 648 1843 sacris
666 1769 901 1842 functionibus
920 1783 1082 1857 utantur;
1104 1785 1138 1838 et
1156 1770 1191 1838 in
1210 1793 1247 1839 re

119 1912 134 1946 a
152 1883 237 1952 tanti
259 1871 434 1972 inontenti,
450 1907 525 1978 quae
542 1883 709 1956 catholica
730 1883 892 1972 Ecclesia,
902 1899 936 1954 et
959 1883 1002 1954 ab
1025 1909 1063 1954 ea
1082 1883 1246 1978 probatus

118 2023 136 2060 u
151 2021 228 2068 usus
245 1999 457 2092 antiquitatis
477 2001 607 2086 statuit,
627 1998 786 2072 inviolate
802 2001 993 2068 observent.
1006 2027 1024 2064 n

54 2124 56 2128 ’
167 2111 272 2182 Initio
289 2127 402 2182 autem
423 2113 527 2207 ipsius
549 2115 695 2184 Romani
714 2111 846 2184 ritualis
866 2114 913 2182 sic
936 2111 1048 2207 legere
1071 2127 1121 2184 est
1140 2138 1149 2180 :
1167 2135 1187 2176 a*
1197 2115 1246 2182 Ut

117 2256 137 2291 ι
149 2251 188 2296 ea
206 2251 301 2320 quas,
320 2253 363 2298 ex
382 2228 531 2322 antiquis
552 2227 727 2298 catbolicre
756 2226 914 2299 Ecclesiae
931 2228 1120 2316 institutis,
1146 2243 1180 2298 et
1196 2217 1247 2300 sa·

116 2370 134 2407 e
148 2367 284 2414 crorum
307 2367 490 2432 canonum,
512 2347 801 2438 summorumque
818 2341 1023 2414 Pontificum
1042 2342 1184 2414 decretis
1203 2342 1246 2416 de

116 2472 435 2529 «sacramentorum
464 2457 586 2531 ritibus
612 2481 651 2528 ac
670 2457 878 2528 oretetnoniit
903 2457 969 2526 boc
987 2455 1074 2526 libro
1090 2456 1245 2550 praescri·

112 2570 300 2662 «buntur,
325 2597 392 2668 qua
426 2599 487 2667 par
518 2588 568 2644 est
593 2573 766 2670 diligentia
793 2598 833 2642 ac
861 2569 1025 2668 religione
1052 2571 1246 2645 custodian·

112 2714 134 2752 u
149 2702 222 2776 tur,
240 2702 275 2756 et
299 2689 428 2782 ubique
448 2687 592 2759 fideliter
618 2704 807 2776 serventur,
825 2688 910 2760 illud
927 2703 1006 2760 aute
1028 2689 1143 2758 omnia
1158 2690 1245 2760 scire

115 2819 182 2872 oet
211 2804 392 2877 observare
408 2806 568 2877 convenit
593 2806 685 2900 quod
704 2821 917 2878 sacrosancta
930 2805 1129 2878 Tridentiua
1146 2830 1246 2901 syno-

114 2917 212 2988 adus
232 2918 274 2988 de
293 2919 334 2988 iis
357 2918 481 2990 ritibus
498 2919 646 2992 decrevit
663 2921 784 2990 in-lraec
808 2922 929 2995 verba:
951 2922 995 2992 Si
1012 2921 1092 3018 quis
1113 2919 1243 2990 diluerit

113 3061 132 3098 α
144 3049 300 3129 receptor
320 3049 355 3106 et
378 3032 590 3131 approbatos
610 3033 778 3129 Ecclesiae
800 3032 982 3107 catholicoe
1001 3036 1104 3121 n'tur,
1127 3034 1166 3104 iu
1185 3059 1243 3106 so·

114 3177 131 3210 o
144 3147 256 3220 lemni
281 3166 584 3223 documentorum
620 3147 929 3220 administratione
968 3147 1131 3220 adhiberi
1159 3175 1242 3220 cou-

113 3291 134 3327 α
145 3280 275 3350 suetos,
287 3282 352 3338 aut
363 3267 440 3336 sine
453 3281 602 3363 peceato
615 3291 640 3334 α
658 3266 833 3336 nrtiristrt's
839 3289 910 3361 pro
924 3263 1019 3338 libito
1030 3267 1158 3351 omitti,
1178 3281 1244 3372 aut

111 3407 129 3442 a
143 3378 182 3446 in
206 3403 313 3452 auvos
334 3378 426 3451 altos
447 3406 518 3476 pet·
539 3403 794 3478 quemeumque
813 3379 1041 3450 cucurtatum
1056 3395 1240 3478 pastorem
1342 3407 1344 3414 ·

111 3521 129 3556 e
143 3495 401 3590 rrrutariposse‚
425 3496 622 3566 anathema
640 3497 699 3568 sit.
714 3525 730 3560 r
746 3499 868 3569 Canon
883 3493 940 3566 ille
953 3494 1172 3569 Tridentinus
1191 3509 1243 3568 nst

118 3607 162 3678 13
181 3609 335 3681 sessionis
359 3633 392 3706 7.

454 3800 458 3806 “
566 3791 728 3850 PUNCTUM
751 3793 785 3850 ll.

164 3965 278 4026 Lioitum
292 3969 380 4028 suun
395 3977 433 4026 est
445 3969 552 4029 orilibet
565 3977 724 4026 nocumento
736 3970 892 4031 ministranti
902 3941 990 4029 ritum
1004 3969 1119 4026 Romano
1133 3970 1183 4028 uti.

159 4187 270 4272 Nam,
291 4186 390 4279 juxta
415 4187 517 4266 breue
544 4185 639 4261 Pauli
662 4189 707 4270 V,
726 4182 850 4259 rituale
874 4188 1069 4296 thuanum
1092 4186 1137 4256 ab
1164 4186 1240 4282 ipso

108 4301 314 4372 auctoritate
331 4301 516 4398 apostolius
540 4302 683 4388 editum,
699 4317 750 4370 est
768 4301 923 4374 volumen
946 4300 1238 4396 comprehendens

112 4438 224 4484 saeros
252 4431 288 4488 et
306 4418 457 4491 umeros
479 4417 637 4493 Ecclesiae
664 4417 835 4530 catholiea
860 4420 959 4507 ritus,
974 4419 1038 4514 qui
1054 4418 1095 4488 iu
1114 4439 1241 4488 sacru·
