2982 5072
494 373 541 422 nn
563 373 659 422 runs,
676 371 883 422 cranenco.
1198 352 1246 452 89

123 499 319 594 hujusmodi
334 499 630 595 perturbetionum
646 501 881 588 occasioumn,
902 497 1035 570 edicere
1060 514 1099 570 ut
1119 501 1246 572 exstin·
1351 487 1355 493 ⁵

123 617 271 714 guamur
288 632 324 688 et
336 619 596 714 supprimantur
612 616 813 705 luminaria,
829 614 882 686 vel
896 617 997 686 etiam
1011 633 1049 687 ut
1064 629 1116 688 tot
1130 642 1248 689 accen·

121 731 266 822 dantur,
281 747 318 804 et
329 756 398 802 non
411 732 510 828 plura
522 731 576 804 vel
593 733 765 828 pauciora.
780 732 881 802 Unde
895 732 987 826 apud
1000 747 1244 827 protestantes,

121 847 169 918 vel
194 849 337 918 minima
361 873 415 918 res
438 848 597 943 liturgica
619 849 778 943 potestati
800 847 978 941 temporali
999 849 1185 919 necessario
1212 863 1247 919 et

119 964 301 1036 ultimatim
314 967 466 1060 subjecta
484 989 555 1036 esse
573 965 685 1038 debet.
705 965 833 1038 Puduit
850 965 987 1060 quidem
1003 967 1243 1038 Mosheimium

119 1095 151 1151 et
177 1080 338 1151 Pfaffium
369 1081 471 1176 hujus
499 1081 727 1151 consectarii:
749 1093 786 1150 at
812 1081 962 1175 ipsorum
988 1094 1132 1176 systema
1161 1079 1244 1150 iilud

118 1196 257 1264 minime
272 1196 412 1268 devitat.

165 1313 229 1381 VI.
257 1312 474 1406 Caeteroquin
494 1312 632 1408 praefata
653 1324 832 1408 systemata
852 1326 1007 1405 pugnant
1029 1335 1107 1382 cum
1127 1326 1243 1406 prote·

118 1426 297 1497 stantismo
318 1429 503 1523 primitivo,
518 1429 577 1524 qui
599 1433 698 1523 Papae
715 1427 852 1520 quidem
873 1426 1111 1496 auctoritatem
1125 1451 1243 1497 excus-

118 1555 222 1633 serat,
245 1541 303 1612 sed
326 1543 479 1612 nondum
499 1559 649 1616 senserat
668 1543 898 1613 necessitatem
917 1543 1243 1639 principes‘tempo-

118 1651 204 1724 rales
223 1655 288 1724 sibi
308 1673 371 1750 pro
385 1657 481 1752 papis
495 1655 733 1728 constituendi.
753 1660 835 1727 Non
848 1653 1002 1727 condant
1014 1645 1244 1756 magistratus

117 1766 309 1868 dogmata,
330 1773 379 1840 ait
396 1771 707 1861 Melanehtbonius‚
729 1795 795 1842 nec
816 1775 1032 1844 constituant
1050 1770 1164 1843 cultas
1185 1772 1244 1868 (in

117 1885 272 1955 examine
293 1885 591 1983 ordinandorum).
614 1889 694 1959 Sint
719 1913 809 1958 sane
830 1889 1062 1986 magistratus
1084 1884 1245 1960 membra

117 1999 305 2092 Ecclesiae,
321 2005 489 2100 flagrent
514 2024 656 2102 quoque
684 2004 761 2074 zelo
786 2005 959 2100 pictatis;
978 2002 1045 2074 sed
1071 2027 1144 2073 non
1171 2004 1247 2074 sint

117 2118 239 2213 capita
264 2117 457 2208 Ecclesiae,
476 2123 562 2216 qaia
583 2120 671 2214 ipsis
700 2144 772 2191 non
796 2119 963 2214 competit
990 2120 1245 2213 rsteprimatas

115 2229 383 2326 (centuriatores
402 2234 563 2329 Magdeb.
589 2234 682 2330 apud
701 2232 837 2324 Daval,
857 2232 903 2302 du
921 2233 1069 2303 Pouvoir
1089 2232 1136 2301 dn
1154 2235 1243 2326 Pape

116 2345 200 2418 dans
216 2346 368 2443 l’Eglise,
385 2373 464 2445 pag.
487 2346 576 2448 357,
593 2349 686 2420 Paris
707 2347 835 2446 1614).
854 2353 942 2418 Haec
958 2335 1244 2420 constantiola-

115 2461 258 2558 ciplinee
268 2461 588 2560 ecclesiasticaeper
596 2467 796 2561 principes,
813 2461 906 2534 nr'lvil
915 2462 1020 2534 aliud
1029 2479 1242 2560 essetqaarn

114 2579 318 2649 versionem
320 2573 472 2673 facere,
489 2593 525 2649 et
540 2579 776 2650 arbitrariam
797 2580 975 2679 religionis
990 2575 1243 2650 constituenda

110 2707 343 2788 potestatem,
358 2693 573 2784 Pontficam
581 2695 784 2792 magisterio
795 2709 962 2790 ereptam,
973 2692 1244 2792 magistratibus

114 2805 309 2905 adsignare
327 2805 523 2902 (Muscolo,
539 2806 602 2879 loe.
625 2833 748 2880 comm.
771 2833 846 2904 cap.
872 2809 914 2878 de
937 2810 1070 2903 magist.
1092 2824 1172 2880 sect.
1194 2808 1245 2878 ul·

91 2933 95 2944 “
115 2921 235 3017 tima).
252 2922 349 2992 Unde
368 2923 468 3017 primi
483 2938 709 3019 protestantes
720 2937 884 3018 tanquam
902 2938 1151 2992 monstruosam
1165 2923 1245 2992 sub·

115 3037 307 3106 versionem
327 3037 539 3129 habuerunt,
557 3038 771 3133 principibus
790 3035 1031 3132 temporalibus
1055 3036 1159 3105 tribui
1182 3061 1245 3132 po·

115 3165 273 3222 testatem
301 3152 345 3222 de
363 3152 539 3248 discipline
560 3168 594 3223 et
618 3152 754 3249 liturgia
772 3150 986 3223 decernendi.
1003 3158 1050 3221 At
1067 3152 1243 3222 subversio

114 3265 171 3336 illa
196 3263 291 3362 apud
308 3281 534 3362 protestantes
560 3269 666 3340 serius
685 3271 780 3340 ocius
799 3272 932 3340 evenire
950 3267 1120 3356 debebat3
1141 3282 1244 3361 atque

114 3407 188 3454 eam
208 3405 326 3453 revera
345 3386 561 3478 quantumvis
581 3386 779 3481 probrosam
796 3400 894 3454 sectae
914 3383 1185 3478 protestantium,
1201 3405 1245 3450 ne

66 3576 69 3582 ,
113 3500 250 3594 penitus
264 3501 424 3572 anarcbia
436 3516 471 3572 et
483 3501 683 3573 contusione
694 3498 978 3588 dissolverentur,
995 3498 1108 3568 subire
1116 3510 1243 3567 coactae

113 3628 206 3684 sunt.

557 3713 710 3784 CAPUT
732 3716 796 3784 111.

112 3904 273 3952 SYSTEMA
312 3905 509 3955 nnuautsntt
548 3905 611 3953 SEU
646 3905 910 3954 Gnnttcstttsnss
944 3903 1240 3955 Pautnuuuunult

163 4021 287 4080 Quosn
315 4021 550 4081 QUAESTIONEM
579 4021 798 4068 Guuunanntt
825 4021 872 4066 DE
898 4018 1169 4067 accusatasttcn
1200 4020 1243 4066 ET

162 4136 276 4183 cvvm
294 4136 507 4184 Povnsruru.

163 4295 214 4362 Ut
228 4287 349 4362 melius
363 4291 585 4387 perspiciatur
603 4289 740 4386 propria
755 4287 976 4384 gallicanismi
991 4288 1243 4386 parlameutarii

115 4403 300 4496 doctrina,
334 4404 506 4504 duplicem
540 4407 755 4480 instituemus
786 4405 1034 4504 paragraphum
1061 4403 1242 4500 :primum
