2978 5076
527 363 572 408 nn
595 363 684 411 suus
710 362 917 410 ntruuorco.
1213 336 1281 412 ¹83

19 475 20 488 i
152 521 170 556 u
189 489 247 575 ies,
265 488 328 560 ctsi
340 503 419 586 post
428 488 607 560 diuturnas
618 491 794 578 scissuras,
810 490 947 560 demum
961 502 1072 558 tamen
1087 501 1125 558 ut
1138 502 1280 560 matrem

152 635 170 670 α
184 629 303 676 rosera
321 617 464 676 vesu-am
481 608 670 676 Romanam
684 604 869 678 Ecclesiam
884 604 1148 700 recognoscatis,
1163 604 1199 674 in
1213 629 1281 700 qua

150 755 168 790 c
185 739 219 794 et
234 749 294 792 nos
309 724 430 794 fratres
446 725 630 819 reperiatis,
646 728 806 794 Romame
816 721 975 794 Ecclesiae
987 721 1142 794 ordinem
1156 737 1191 792 et
1204 723 1282 794 offi-

148 839 276 908 «cium
301 839 482 933 recipiatis,
507 865 578 910 nou
607 839 788 930 Toletanae,
815 837 868 908 vei
889 837 1072 932 cujuslibet
1099 837 1199 926 alius,
1222 839 1281 910 sod

146 983 168 1019 «
184 955 283 1024 istius
305 979 382 1050 quae
407 981 427 1025 a
455 959 558 1026 Petro
585 971 619 1030 et
645 956 751 1026 Pnulo
780 979 880 1050 supra
907 953 1038 1024 firmam
1064 968 1194 1048 petram
1217 977 1281 1049 por

146 1071 365 1140 «Christum
391 1070 532 1142 fundata
552 1087 603 1142 est
618 1088 655 1144 ct
674 1073 839 1167 sauguine
859 1083 1067 1155 consecrata,
1091 1070 1146 1139 cui
1172 1084 1280 1164 portas

147 1214 167 1248 a
185 1186 325 1275 inserui,
353 1186 455 1256 idest
481 1186 606 1282 linguas
634 1188 884 1274 transtrorum,
904 1208 1082 1278 nunquam
1098 1183 1279 1277 praevalen

148 1328 165 1363 α
183 1315 384 1394 potueruut,
403 1303 492 1372 sicut
510 1317 630 1372 caetcra
647 1327 750 1396 regna
764 1301 957 1372 Occidentis
976 1314 1013 1368 ct
1031 1293 1278 1393 septentrionis

147 1445 165 1480 a
184 1417 341 1486 teneatis.
358 1418 459 1486 Unde
472 1419 560 1486 enim
577 1443 646 1488 non
659 1419 821 1488 dubitatis
835 1441 894 1485 vos
908 1417 1090 1508 suscepisse
1103 1412 1277 1504 religionis

149 1530 376 1618 «exordium,
402 1547 506 1602 motat
529 1534 632 1602 etism
657 1548 695 1602 ut
721 1532 799 1602 iude
818 1530 986 1626 recipiatis
1014 1531 1047 1597 in
1068 1527 1277 1600 ecclesiatico

144 1671 165 1708 a
182 1643 304 1714 ordine
316 1646 469 1716 diuinum
484 1647 660 1735 officium3
678 1649 771 1742 qnod
788 1645 979 1719 Innocentii
995 1649 1095 1740 Papus
1108 1643 1149 1712 ati
1164 1646 1277 1738 Engu-

144 1787 162 1824 ι
176 1758 301 1830 binum
314 1761 444 1832 directa
462 1761 597 1833 deorota
612 1765 800 1853 insinuant,
818 1762 910 1858 quod
926 1758 1128 1830 Toletanum
1146 1771 1180 1826 ct
1194 1759 1276 1826 Bra-

142 1901 160 1936 «
179 1900 320 1946 ostensu
335 1875 571 1948 dommstruut
584 1877 739 1964 concilia,
753 1878 847 1975 quod
867 1878 967 1948 otiam
987 1875 1145 1971 Episcopi
1159 1873 1272 1958 vestri,

142 2018 159 2052 s
176 1989 221 2059 ad
237 2014 298 2058 nos
313 2015 423 2085 nuper
439 1991 626 2080 venientes,
642 1992 738 2086 juxta
751 1993 1029 2061 constitutionem
1046 1987 1193 2076 concilii,
1213 2009 1275 2081 pcr

141 2132 159 2168 u
176 2105 301 2199 scripta
313 2129 374 2174 sua
385 2104 498 2176 facere
512 2107 753 2201 promiserunt,
771 2122 804 2176 ct
821 2108 856 2176 in
868 2131 973 2176 maun
986 2119 1103 2174 nostra
1116 2103 1273 2172 tii-mave·

140 2234 265 2290 «sunt.
284 2220 458 2316 u(Labbc,
475 2236 557 2292 tum.
573 2227 653 2310 XII,
670 2249 746 2320 pag.
766 2221 852 2310 283,
871 2219 955 2292 tdit.
973 2223 1092 2292 venet.
1111 2215 1237 2314 1730.)

191 2359 209 2402 u
234 2336 421 2430 Gregorius
447 2337 650 2432 Episcopus,
666 2363 784 2410 servus
809 2361 984 2408 servorum
1011 2333 1090 2419 Dei,
1121 2331 1271 2404 Simcoui

138 2479 156 2516 u
174 2450 408 2544 Hispanorum
424 2453 606 2546 Episcopo,
622 2451 813 2524 salutemet
831 2450 1049 2547 apostolicam
1058 2447 1271 2518 benedictio-

137 2595 156 2630 «
172 2591 263 2634 nrm.
276 2605 326 2620 -
336 2565 531 2660 Apostolica
538 2567 1038 2662 srdcs,ouiquamvisinuncriti
1050 2569 1275 2636 Dcoauctorc'

138 2681 401 2776 upraesidemus,
421 2684 494 2777 ipsu
512 2684 728 2777 gubernante
744 2687 843 2756 firma
855 2685 1041 2781 permansit
1055 2682 1098 2753 ab
1113 2682 1192 2776 ipsis
1201 2679 1271 2776 pri·

137 2797 319 2884 «inordiis,
345 2823 455 2892 eoque
477 2813 594 2869 tuente
614 2799 743 2870 illibata
769 2817 934 2898 perpetuo
960 2798 1188 2894 permanebit,
1208 2811 1270 2866 tm·

136 2911 408 2983 «sauromatem
430 2915 606 2986 Domino:
634 2927 697 3012 c'go
716 2943 782 3012 pro
802 2932 834 2988 tc
850 2918 968 3011 rogavi
986 2929 1026 2984 ut
1045 2938 1114 2984 nou
1135 2911 1269 2982 deficiat

139 3057 158 3094 s
172 3029 259 3098 fides
273 3045 351 3118 tus3
370 3044 403 3098 ct
413 3045 451 3100 tu
468 3029 651 3125 aliquando
664 3057 848 3108 conversus
860 3030 1027 3102 confirma
1040 3028 1163 3098 fratres
1180 3042 1266 3098 tuos.

137 3170 155 3207 κ
173 3145 234 3212 His
251 3144 367 3237 itaque
388 3143 471 3214 fulta
490 3145 655 3240 praesidiis
674 3136 879 3218 Rumaoatc
893 3149 990 3242 cripit
1005 3147 1093 3218 scire
1108 3145 1266 3236 Ecclcsiu,

136 3286 153 3321 a
164 3258 261 3352 qsmd
277 3258 365 3330 filios
383 3284 472 3353 quos
490 3261 630 3332 Cbristo
640 3264 762 3348 nutrit,
776 3289 846 3334 noo
862 3263 1004 3334 diversis
1017 3263 1190 3354 uberibus,
1204 3287 1267 3336 uec

135 3399 152 3437 c
165 3373 305 3442 diverso
311 3375 406 3468 cupit
415 3373 505 3446 alcrc
511 3374 609 3464 une,
618 3392 654 3446 ut
663 3377 1059 3473 socundumApostolum
1065 3379 1134 3448 siut
1146 3403 1265 3465 unum,

135 3517 153 3552 ι
167 3503 204 3558 ct
222 3511 292 3558 non
313 3488 384 3559 sint
397 3489 433 3556 in
447 3488 497 3560 cis
510 3491 690 3562 schismata
708 3491 880 3587 :alioquin
901 3518 970 3564 nou
987 3508 1096 3564 mater
1108 3493 1166 3564 sed
1184 3495 1264 3564 scis-

134 3604 215 3672 «sio
253 3617 444 3674 vomantur.
489 3607 711 3701 Quapropter
747 3622 869 3679 notum
902 3610 950 3678 sit
977 3608 1039 3679 tibi
1066 3610 1265 3706 cunctisque

134 3745 150 3780 n
167 3717 296 3788 Ciu-isti
319 3716 489 3806 fidelibus,
510 3746 614 3816 super
637 3725 759 3818 quibus
782 3724 994 3815 consuluisti,
1013 3725 1106 3820 quod
1128 3725 1264 3798 decreta

132 3860 150 3898 a
166 3857 242 3927 quas
258 3858 278 3902 a
294 3834 411 3924 nobis,
433 3837 502 3906 imo
519 3860 540 3907 a
561 3841 713 3908 Romana
734 3856 867 3912 constat
883 3841 1031 3912 Eoolssia
1047 3840 1179 3937 prolata
1193 3843 1264 3915 sive

132 3947 375 4038 «confirmata,
387 3951 422 4020 in
434 3952 634 4048 peragendis
649 3977 668 4022 a
681 3955 777 4024 vobis
787 3956 941 4050 ejusdem
955 3955 1113 4028 Eccicsiae
1128 3957 1262 4045 officiis,

131 4063 535 4138 «inconcussasolumn
550 4092 789 4164 poermnsre...
802 4071 907 4161 Quod
926 4086 1040 4142 sutem
1060 4072 1123 4143 fitii
1144 4074 1263 4144 mortis

130 4204 149 4242 ι
163 4177 284 4248 dicunt
301 4205 338 4249 sc
358 4203 378 4250 s
401 4181 501 4254 nobis
517 4181 645 4254 iittcms
659 4186 841 4283 accepisse,
861 4189 975 4260 scintis
994 4213 1053 4285 por
1070 4191 1184 4262 omnia
1198 4189 1263 4262 tat

131 4317 240 4362 cnam
259 4318 343 4364 csse.
365 4297 516 4368 Procura
534 4324 616 4395 ergo
634 4315 674 4370 ut
688 4306 863 4374 Romanus
880 4305 966 4374 ordo
986 4330 1046 4400 psr
1066 4320 1170 4376 totam
1185 4306 1262 4374 His·

132 4433 150 4470 a
167 4409 304 4503 puniam
327 4424 364 4481 ct
395 4411 575 4484 Galliciann
602 4431 637 4486 ct
673 4417 881 4516 ubicumque
920 4421 1071 4516 poteris,
1100 4423 1136 4489 in
1181 4445 1262 4490 om·
