2978 5076
248 343 316 414 188
703 367 909 414 rnacrmns

244 509 363 564 sancto
376 493 512 582 Basilio,
532 507 605 564 tum
619 495 662 562 ab
680 494 754 564 aliis
772 494 925 564 oonflatae
944 505 1037 563 sunt.
1056 491 1229 562 Videntur
1246 491 1376 560 scilicet

243 610 439 703 hujusmodi
457 609 613 704 liturgia,
631 634 701 680 non
713 609 914 704 quibusdam
930 607 1145 678 solummodo
1156 607 1378 677 accidentali·

243 725 308 794 bus
333 725 640 813 immutationibus,
669 725 853 794 sedetiam
878 724 991 818 quoad
1009 723 1247 808 substantiam,
1272 723 1316 790 ab
1334 723 1378 792 iis

245 840 370 934 quibus
387 841 679 910 substituebantur
696 840 799 909 fuisse
817 840 975 908 diversas.
992 840 1056 910 Cui
1076 837 1272 907 difficultati
1291 839 1379 906 bre-

246 955 332 1024 viter
356 955 545 1049 respondeo
571 981 581 1025 :
605 957 734 1041 Primo,
760 956 843 1024 mihi
869 969 1082 1049 compertum
1109 979 1179 1022 non
1199 968 1250 1021 est
1269 953 1377 1022 dictas

246 1069 398 1164 liturgias
421 1071 467 1138 ita
485 1069 592 1140 fuisse
616 1095 738 1154 novas,
756 1086 794 1138 ut
818 1071 862 1138 ab
881 1071 1039 1139 omnibus
1063 1069 1137 1137 aliis
1167 1068 1318 1160 antiquis
1343 1081 1378 1135 et

244 1187 397 1280 probatis
418 1186 686 1256 substantialiter
700 1187 939 1280 discreparent.
957 1187 1024 1254 Vix
1036 1185 1120 1253 milri
1140 1181 1376 1278 persuadeam,

245 1300 332 1370 adeo
347 1301 474 1395 ultique
493 1301 685 1370 traditionis
703 1301 856 1372 tenacem
875 1300 1049 1389 Basilium‚
1064 1300 1132 1368 hoc
1153 1299 1217 1368 sibi
1242 1297 1375 1366 licitum

246 1417 375 1487 fecisse.
396 1417 565 1507 Secundo,
587 1417 675 1486 hanc
695 1435 809 1486 tamen
828 1415 1083 1486 substantialem
1111 1415 1375 1508 discrepantiam

246 1536 274 1603 si
294 1559 357 1629 pro
371 1548 462 1602 certa
476 1549 509 1602 et
531 1532 704 1629 explorata
722 1535 868 1602 babeant
883 1532 1021 1621 eruditi,
1040 1530 1219 1600 dicendum
1238 1529 1376 1598 videtur

246 1649 441 1743 hujusmodi
459 1651 560 1734 viros,
579 1673 642 1742 pro
659 1673 698 1717 ea
711 1674 777 1743 qun
790 1647 966 1745 pollebant
979 1649 1156 1716 sanctitate
1169 1661 1202 1714 et
1221 1659 1377 1740 patrato·

249 1789 325 1832 rum
338 1763 580 1833 miraculorum
595 1763 696 1849 fama,
714 1764 749 1833 id
768 1789 808 1832 ex
825 1762 960 1857 speciali
977 1764 1117 1857 spiritus
1142 1761 1249 1828 divini
1275 1761 1377 1853 inspi-

248 1880 381 1948 ratione
397 1882 520 1973 egisse3
539 1905 612 1948 eam
635 1905 738 1974 porro
756 1880 879 1974 agendi
894 1881 1060 1950 rationem
1075 1903 1146 1946 non
1167 1901 1231 1970 pro
1246 1874 1375 1968 regula,

249 1992 308 2060 sed
323 2019 387 2087 pro
402 1996 598 2089 exceptione
612 1993 761 2088 regulam
775 1994 948 2082 firmante,
962 2017 1032 2060 esse
1046 1991 1161 2088 potius
1172 1988 1377 2073 habendam3

248 2131 312 2176 nec
328 2131 386 2176 eos
404 2110 463 2202 qui
480 2110 608 2203 absque
626 2110 728 2179 simili
740 2111 926 2178 sanctitatis
937 2109 1140 2176 auctoritate
1157 2103 1246 2172 idem
1269 2118 1378 2173 atten-

248 2237 367 2294 tarunt
385 2224 583 2310 laudandos,
602 2241 638 2294 at
651 2251 732 2295 vero
745 2224 986 2318 vituperandos
999 2247 1082 2292 esse.

296 2340 425 2409 Eadem
452 2357 565 2410 autem
588 2341 807 2436 responsione
827 2340 963 2408 obviarn
985 2339 1073 2406 imus
1092 2335 1287 2406 difficultati
1303 2360 1375 2430 quae

249 2457 378 2524 moveri
394 2471 507 2550 posset
520 2459 609 2549 circa
626 2456 809 2551 liturgiasa
822 2459 858 2524 S.
875 2454 1058 2524 Benedicta
1071 2452 1188 2522 aliisve
1203 2453 1285 2519 viris
1296 2449 1375 2520 olim

248 2572 285 2639 in
303 2571 490 2640 Occidente
509 2574 646 2666 propria
665 2573 867 2640 auctoritate
884 2568 1084 2639 ordinatas:
1108 2566 1300 2638 velscilicet
1315 2593 1376 2636 no-

249 2708 299 2754 vae
317 2684 431 2778 quoad
444 2686 667 2756 substantiam
685 2712 754 2755 non
773 2686 923 2775 fuerunt,
943 2685 994 2755 vel
1013 2709 1082 2754 non
1100 2686 1171 2753 sine
1183 2683 1271 2752 sedis
1284 2688 1376 2778 Apo·

250 2798 375 2872 stolicae
404 2803 605 2872 auctoritate
630 2803 794 2887 inducta,
819 2801 871 2870 vel
897 2801 1015 2894 aliquo
1043 2799 1197 2896 speciali,
1213 2825 1284 2868 non
1304 2798 1376 2870 aliis

251 2916 437 3005 imitando,
459 2919 609 2988 numinis
631 2918 738 2988 ductu
756 2921 804 2986 ita
825 2918 1025 2988 factitatum.

679 3167 829 3234 CAPUT
852 3165 949 3231 Vlll.

253 3411 435 3472 Quouttttt
454 3411 567 3476 ESSET,
589 3411 634 3457 ET
658 3409 898 3458 costatutttrutt
925 3407 949 3452 A
975 3403 1193 3452 DOCTORIBUS
1215 3403 1377 3450 tutatut-

398 3527 563 3574 Genusus
588 3525 647 3572 tus
672 3523 899 3571 Ltrunctcuut
915 3519 1008 3568 ANTE
1025 3521 1054 3566 S·
1074 3517 1228 3566 etutt'v.

301 3729 425 3794 Parum
437 3726 519 3794 huic
529 3725 721 3818 questioni,
737 3739 856 3818 utpote
864 3723 932 3817 jam
944 3721 987 3790 ad
1002 3719 1228 3790 eruditionem
1247 3733 1375 3788 tantum

255 3841 450 3909 historicam
469 3838 557 3929 utili,
579 3841 849 3910 immorabimur.
869 3839 958 3907 Satis
978 3836 1122 3930 proinde
1142 3837 1207 3904 erit
1228 3836 1263 3902 in
1285 3835 1377 3904 testi·

253 3954 407 4024 monium
433 3954 599 4024 adducere
619 3954 766 4049 aliquem
790 3979 831 4023 ex
858 3951 1099 4046 insignioribus
1117 3951 1177 4043 qui
1202 3964 1283 4018 ante
1301 3949 1378 4018 'l'ri-

255 4070 428 4138 dentinam
448 4070 613 4165 synodum
635 4072 829 4164 scripserint
851 4068 1060 4138 doctoribus.
1090 4071 1184 4136 lnter
1209 4089 1298 4161 quos
1315 4062 1379 4134 ele·
1475 4065 1476 4092 l

255 4187 365 4281 gimus
376 4202 529 4256 sanctum
543 4187 753 4256 Antoninum
764 4186 817 4277 cuj
823 4209 860 4252 ns
870 4185 940 4253 lraec
950 4199 1030 4253 sunt
1041 4184 1143 4251 verba
1154 4207 1164 4250 ε
1176 4209 1195 4246 a
1208 4181 1379 4272 Quaeritur

253 4329 271 4366 a
290 4301 374 4396 quid
392 4302 512 4371 debeat
530 4301 595 4370 dici
614 4327 677 4398 pro
701 4300 806 4368 horis.
832 4300 925 4368 Dicit
952 4297 1139 4368 laudunus
1152 4297 1252 4391 ‘quod
1279 4298 1305 4364 si
1333 4307 1378 4362 est

258 4445 276 4482 ι
293 4417 503 4488 consuetudo
522 4416 729 4512 probabilis,
753 4414 807 4484 rel
829 4430 921 4484 certa
949 4414 1150 4484 constitutio
1174 4437 1276 4507 super
1291 4412 1377 4495 boc,
1475 4441 1476 4448 ¹
