3018 5070
216 336 262 407 7²
671 337 876 384 ursmarus

214 462 381 560 ortgruab'
395 462 536 562 dognza.
546 503 597 518 ·-·-
609 464 722 553 Quam
733 482 849 557 aperte
861 465 985 560 dogma
996 465 1081 536 illud
1095 469 1261 562 exprimat
1278 472 1341 540 ho-

216 579 334 648 dierna
360 577 496 674 liturgia
520 583 687 665 Romana,
707 582 892 674 prasertim
919 583 954 650 iu
977 583 1098 652 ritibus
1125 598 1160 652 et
1184 582 1341 655 formulis

217 719 279 787 pro
294 694 522 764 ministrando
539 696 739 790 baptismate
747 698 964 793 praescriptis,
972 698 1131 768 omnibus
1147 715 1266 769 notum
1278 715 1341 771 est.

215 809 282 880 Sed
301 812 439 905 insuper
452 837 553 906 supra
565 812 777 881 ostendimus
790 812 967 907 quomodo
980 799 1116 884 sanctus
1130 819 1344 910 Augustinus

212 925 283 1018 jam
301 951 363 996 suo
380 941 531 1021 tempore
546 928 669 1023 dogma
690 929 778 997 idem
793 954 854 1023 per
869 929 1036 1024 ejusmodi
1055 931 1139 1000 ritus
1156 946 1191 998 et
1211 932 1343 1001 formu·

216 1039 265 1111 las
280 1043 315 1110 in
327 1042 527 1137 baptismate
543 1044 778 1114 universaliter
791 1044 970 1133 adhibitas,
982 1046 1133 1140 rigorose
1148 1072 1183 1116 se
1196 1049 1344 1142 probare

215 1158 432 1228 existimaret.
449 1163 614 1230 Praeterea
633 1162 667 1228 in
684 1163 947 1232 sacramentario
970 1163 1166 1252 Lennium,
1182 1163 1343 1234 columna

218 1269 303 1359 315,
324 1275 372 1342 sic
390 1272 514 1365 legitur
532 1299 541 1342 ε
561 1278 605 1342 In
622 1273 693 1343 hac
717 1273 775 1344 die
792 1300 865 1373 qua
882 1281 986 1345 lesus
1010 1275 1207 1347 Christus...
1223 1277 1343 1374 dispo-

215 1388 356 1459 sitioncs
373 1390 531 1484 antiquae
546 1413 672 1459 muutts
692 1390 883 1484 explicui&
903 1406 942 1460 ut
960 1391 1096 1462 sct'licet
1112 1409 1147 1463 et
1162 1393 1343 1466 diabolum

215 1504 692 1600 calescisopertstntnecum
698 1532 768 1601 per
776 1505 1346 1608 hominemquemsuingraruteli·

214 1616 1343 1719 deret,ethuumnamreduceretadsupernudonasubstuntium.

265 1737 352 1802 Item
371 1729 529 1804 columna
546 1732 631 1832 457,
648 1737 860 1832 praefationes
879 1763 943 1832 pro
961 1739 1047 1808 festo
1062 1755 1184 1810 sanctae
1202 1742 1344 1812 Caeciliae

215 1850 340 1943 dogma
357 1850 445 1919 idem
463 1851 673 1944 apertissime
687 1855 892 1947 exprimunt.
907 1858 946 1922 ln
963 1853 1050 1923 libro
1063 1871 1175 1924 autem
1191 1857 1346 1952 gothico·

218 1966 392 2061 hispanico
421 1991 441 2034 a
467 1966 655 2036 Blanchino
681 1967 789 2058 edito,
813 1993 890 2062 pag.
917 1993 1003 2065 127,
1025 1972 1199 2064 praefatum
1219 1971 1346 2066 dogma

217 2081 265 2148 sic
277 2105 471 2175 expressum
484 2083 632 2151 occurrit
651 2108 659 2150 ε
679 2084 829 2152 Domine
840 2083 926 2152 Iesu
942 2085 1007 2180 qui
1023 2082 1250 2156 beatissimus
1266 2089 1347 2158 Vir·

211 2200 317 2292 giues
333 2201 472 2267 turcam
491 2212 528 2268 et
542 2199 706 2287 Rufinam
726 2196 769 2266 de
787 2199 892 2268 vasis
908 2200 970 2268 irae
981 2197 1108 2294 fecisti
1122 2223 1218 2270 veisa
1236 2201 1345 2271 misc·

217 2310 387 2400 ricordc'ae,
408 2312 492 2383 dum
504 2315 690 2412 originalis
700 2316 848 2410 peccati
864 2313 1007 2384 traduce
1020 2315 1217 2412 conligatae,
1229 2341 1346 2387 sacro·

216 2446 352 2500 sancte
370 2431 643 2528 regenerationis
661 2445 861 2500 meruerunt
880 2429 1045 2500 tleolbnrc'
1061 2430 1250 2525 bnptr'smo.

267 2547 460 2640 Propositio
494 2555 564 2617 11¹.
598 2552 671 2618 Per
699 2547 879 2644 liturgiam
901 2547 1053 2644 probari
1076 2563 1199 2643 potest
1217 2545 1347 2645 dogma

218 2660 435 2732 catholicum
459 2661 504 2731 de
526 2662 774 2735 Eucharistt'a.
792 2663 970 2732 -Solum
995 2663 1146 2733 officium
1167 2689 1233 2758 pru
1258 2663 1345 2733 festo

218 2779 382 2876 Corporis
394 2778 565 2863 Christi,a
582 2793 700 2849 sancto
717 2781 847 2849 Thomu
861 2782 1102 2874 compositum,
1121 2778 1244 2872 dogma
1261 2775 1346 2846 illud

218 2893 353 2987 probat.
375 2895 462 2964 Nam
484 2892 635 2963 officium
657 2892 740 2962 illud
764 2895 799 2962 in
823 2893 961 2988 liturgia
989 2897 1144 2963 Romana
1163 2893 1228 2961 fuit
1253 2917 1345 2962 rece·

219 3024 334 3102 ptum3
353 3024 386 3077 et
406 3007 543 3104 liturgia
558 3013 723 3098 Romana,
738 3034 812 3102 quae
839 3009 882 3078 de
910 3010 1000 3078 facto
1017 3025 1068 3079 est
1086 3007 1185 3078 simul
1208 3007 1347 3103 liturgia

217 3123 547 3216 quamplurimarum
574 3123 790 3194 ecclesiarum
818 3124 897 3193 sedi
930 3123 1121 3218 apostolicae
1147 3125 1342 3213 unitarum,

219 3262 450 3331 nequaquam,
472 3251 630 3332 utsupra
653 3223 873 3327 ostendimus,
898 3240 933 3307 in
958 3237 1149 3332 profitenda
1176 3235 1258 3306 fidei
1285 3237 1348 3306 do·

218 3355 328 3422 ctrina
345 3379 459 3425 errare
483 3369 605 3450 potest.
625 3353 692 3423 Sed
710 3355 851 3448 insuper
882 3353 1044 3421 immensa
1074 3353 1346 3423 testimoniorum

219 3455 331 3566 segete
358 3471 508 3540 eamdem
529 3471 616 3539 circa
641 3469 862 3539 Eucharistiae
889 3482 1137 3538 sacramentum
1162 3465 1263 3535 fidem
1288 3493 1346 3536 cx·

220 3586 373 3678 primunt
396 3598 525 3654 veteres
551 3583 708 3678 liturgiae.
726 3585 885 3672 Quorum
911 3581 1192 3651 documentorum
1220 3579 1345 3650 ditissi-

220 3723 310 3768 mam
336 3697 567 3768 collectionem
595 3699 755 3793 reperies,
784 3712 856 3766 tum
878 3696 969 3794 apud
993 3695 1187 3765 Bellamrini
1207 3710 1347 3765 contro·

219 3817 356 3904 rersias,
376 3828 449 3883 tum
468 3813 560 3908 apud
578 3811 807 3883 Muratorium
826 3793 1033 3908 (dissertatio
1055 3811 1096 3880 de
1120 3811 1256 3906 liturgia
1275 3815 1348 3881 tto-

219 3954 332 4013 mana,
353 3913 427 4024 cap.
458 3927 514 4019 16,
546 3951 600 4026 17,
632 3927 703 4022 18),
723 3942 795 3997 tum
814 3928 905 4023 apud
923 3930 1171 3996 Assemannum
1195 3926 1347 4021 (dissert.

219 4057 299 4112 ante
324 4044 469 4138 primam
503 4058 632 4137 partem
658 4041 735 4112 libri
764 4068 816 4133 1v,
846 4043 971 4112 codicis
1001 4041 1181 4138 liturgici),
1210 4057 1284 4111 tum
1313 4041 1350 4110 in
1378 4126 1381 4130 ¹

221 4159 397 4228 notissimo
416 4171 562 4227 tractatu
588 4157 630 4226 de
653 4160 880 4254 perpetuitate
898 4157 976 4226 lidei
1001 4156 1098 4252 (tom.
1120 4159 1183 4246 ΙΙΙ,
1213 4154 1272 4224 tib.
1304 4179 1348 4241 11,

221 4299 294 4370 cap.
317 4273 350 4364 8,
377 4273 480 4342 editio
501 4273 630 4368 Migne,
650 4297 729 4368 pag.
755 4269 848 4368 145).
871 4275 942 4343 Nos
966 4271 1128 4369 pauculas
1152 4267 1349 4363 hujusmodi

219 4389 398 4460 citationes
414 4389 469 4458 hic
485 4389 712 4483 subjiciemus.
