3004 5070
646 397 649 406 ·
716 373 924 424 mamam
1010 373 1016 414 ἶ

708 617 871 690 runcrnn
888 618 935 691 iv.'

251 871 311 928 Non
323 870 407 926 valent
425 867 553 944 predicte
570 866 695 935 nationem
711 873 737 921 et
756 843 848 920 ritnnle
858 863 1003 920 Romanum
1017 863 1131 920 strictam
1142 863 1194 920 vim
1213 863 1277 939 legis
1293 865 1383 935 habet,

468 977 471 983 Δ
561 973 649 1010 omnes
669 953 759 1011 latinas
780 954 899 1010 eeclesias
916 954 1075 1028 attingentis.

308 1203 344 1290 1¹⁰
364 1199 497 1273 Falsum
516 1217 565 1272 est
580 1203 683 1272 breve
702 1198 799 1272 Pauli
819 1201 848 1270 V
864 1227 934 1270 esse
953 1215 1085 1270 tantum
1098 1201 1328 1272 hortatorium
1349 1217 1382 1270 et

254 1346 322 1390 non
342 1319 597 1414 ⁸praeceptivum.
621 1321 744 1386 Fateor
765 1313 901 1412 quidem
922 1315 1032 1412 ipsum
1054 1315 1174 1386 dixisse
1197 1316 1384 1388 hortamur

253 1435 290 1504 in
308 1433 484 1520 Horatio,-
509 1432 565 1502 sed
588 1431 653 1501 hoc
673 1431 758 1502 dixit
783 1448 962 1526 postquam
989 1433 1143 1528 superius
1167 1433 1237 1527 jam
1260 1459 1384 1532 praece·

253 1567 350 1646 ptum
379 1544 468 1619 clare
495 1563 713 1658 expresserat.
736 1549 880 1619 Dixerat
903 1549 1024 1619 enim:
1049 1547 1220 1620 Restabat
1243 1565 1284 1618 ut
1310 1575 1382 1619 tino

250 1668 358 1736 etrum
375 1663 554 1735 volrrmine
572 1649 817 1760 comprehensi
832 1665 930 1734 sueri
948 1681 984 1734 et
1000 1665 1128 1738 sinceri
1125 1663 1366 1736 NJEcclestse
1331 1691 1381 1735 rr-

251 1797 320 1865 ius,
345 1780 407 1876 qni
434 1781 471 1847 t'n
496 1795 794 1848 sacramentorum
815 1775 1132 1865 adtrirrtr'slrutrime,
1152 1778 1305 1880 altisque
1320 1805 1382 1850 ee-

250 1895 461 1966 cl'esiustict's
474 1891 727 1987 functionibus
742 1918 876 1964 serrari
873 1891 1021 1964 debent
1035 1893 1130 1964 ab
1101 1920 1148 1964 ris
1169 1895 1234 1993 qni
1256 1919 1381 1964 curum

249 1989 453 2081 aminarum
466 2025 607 2109 gerunt,
622 2007 833 2113 Apostolica’
848 2007 945 2082 seclis
957 2013 1171 2081 auctoritare
1179 1979 1377 2108 prudiient.

249 2129 343 2222 Ergo
361 2152 459 2196 suum
488 2123 612 2194 librum
635 2123 790 2194 ritualem
810 2124 886 2194 ideo
905 2121 1011 2194 edidit
1024 2123 1151 2214 Paulus
1165 2127 1211 2214 V,
1229 2140 1268 2193 ut
1285 2151 1383 2220 apos·

249 2241 351 2311 t'oliea
380 2239 582 2309 auctoritate
605 2238 850 2310 determinaret
867 2239 972 2326 ritus,
993 2242 1206 2338 praeservari
1231 2235 1381 2326 debent;

248 2359 330 2466 ergo
349 2355 455 2424 voluit
474 2356 576 2442 ritus,
602 2353 666 2422 hac
690 2351 874 2449 apostoliea
895 2355 1098 2425 auctoritate
1123 2356 1158 2423 in
1180 2354 1245 2424 isto
1265 2353 1380 2426 rituali

249 2472 501 2558 determinatos,
516 2469 654 2538 serrari
660 2495 718 2537 sen
730 2467 952 2564 obligatorias
969 2495 1057 2542 esse·
1050 2496 1158 2569 ‚ergo
1171 2486 1379 2566 praeceptuin

244 2590 320 2683 J‘am
340 2585 545 2656 sufficienter
568 2601 795 2679 expr⁸Jesserat
826 2611 907 2682 ergo
932 2585 1012 2656 dum
1040 2599 1160 2684 postea
1179 2587 1380 2682 subjungit,

249 2703 435 2772 hortamur
447 2700 485 2769 in
500 2702 668 2796 Domino,
685 2685 940 2797 intelligendum
952 2717 1014 2791 est,
1033 2728 1109 2771 enm
1127 2702 1256 2772 hortari
1271 2701 1314 2770 ad
1330 2701 1381 2770 di·

248 2819 392 2921 ligenter
412 2816 616 2885 servandum
630 2815 720 2910 quod
735 2832 946 2912 praeceperat.
964 2821 1008 2888 Et
1022 2835 1112 2888 certe
1124 2816 1268 2914 quilibet
1283 2843 1382 2914 snpe-

248 2935 333 3020 rior,
351 2947 531 3028 postquam
550 2929 676 3024 aliquid
695 2929 867 3018 districtis,
883 2947 915 3000 et
930 2933 1288 3028 omninopraeceptivis
1301 2957 1379 3002 ver-

248 3049 299 3117 bis
324 3045 521 3136 mandavit,
549 3045 673 3116 addere
701 3061 810 3142 potest
831 3048 1035 3118 hortatorias
1062 3047 1104 3116 ad
1126 3047 1281 3117 subditos
1299 3072 1380 3116 suos

248 3162 422 3249 formulas,
444 3176 484 3231 ut
504 3187 535 3228 m
539 3156 671 3230 undatis
693 3176 851 3255 pareant3
871 3177 905 3268 et
923 3188 963 3230 ex
981 3187 1021 3230 eo
1038 3162 1129 3260 qnod
1146 3161 1237 3230 dicat
1251 3159 1380 3232 horm-

247 3302 340 3367 mnr,
362 3274 532 3344 immerito
551 3273 861 3345 concluderetur
831 3261 899 3345 vim
921 3303 989 3346 non
1006 3277 1131 3348 habere
1146 3292 1377 3377 praeceptum,
1409 3273 1416 3288 ⁸

247 3391 289 3462 ad
305 3391 399 3485 eujus
413 3387 643 3485 impletionem
656 3388 751 3459 enixe
766 3391 933 3460 hortatur.
947 3391 1066 3486 Neque
1078 3418 1142 3498 ego
1157 3391 1286 3502 primus
1301 3417 1376 3461 sum

247 3509 306 3601 qui
333 3507 379 3575 ita
403 3501 532 3574 intellio
513 3505 656 3600 endam
679 3530 749 3574 esse
770 3502 865 3576 Pauli
883 3509 915 3576 V
934 3507 1210 3600 constitutionem
1234 3521 1379 3576 conten-

247 3618 378 3690 clam:
341 3647 435 3714 ·Jam
451 3647 469 3690 a
488 3619 597 3690 multo
615 3635 768 3716 tempore
782 3619 870 3690 idem
892 3616 1009 3692 docuit
1023 3593 1197 3715 Pignatelli
1217 3621 1258 3716 (t.
1233 3608 1378 3710 tVlH,

246 3733 493 3804 consultatione
510 3733 570 3832 73,
581 3738 689 3820 n⁰.olJ
670 3733 723 3831 5).
735 3765 750 3799 a
769 3739 910 3805 Certum
925 3737 1098 3824 etiamst,
1115 3735 1237 3834 inquit,
1253 3732 1378 3803 rituale

249 3877 268 3914 u
294 3855 487 3921 Romanum
508 3845 712 3920 constituere
730 3851 798 3943 jus,
816 3851 895 3944 qnia
917 3851 1044 3932 editum
1066 3853 1237 3920 aSummo
1255 3836 1376 3920 Poniti-

250 3997 266 4030 a
292 3966 364 4048 lice
389 3967 449 4060 qui
470 3962 607 4036 mandat
624 3967 781 4036 omnibus
799 3951 981 4036 observari.
1000 3969 1043 4036 Et
1062 3965 1140 4036 licet
1156 3962 1347 4035 Pontifex
1338 3991 1373 4034 m

247 4109 267 4146 a
293 4107 352 4150 sua
383 4080 476 4150 bulla
507 4098 622 4152 utatur
647 4081 750 4151 verbo
774 4082 977 4170 hortamur,
1002 4083 1067 4150 hoe
1092 4095 1205 4150 tamen
1230 4081 1375 4150 verbum

247 4225 266 4261 a
288 4195 483 4292 aequipollet
496 4198 599 4266 verbo
613 4195 841 4282 niandunms,
856 4198 943 4267 sient
959 4195 1156 4292 aequipollet
1167 4221 1265 4296 rogo,
1280 4195 1375 4290 quod

249 4341 267 4376 n
290 4311 417 4410 aliquid
437 4314 549 4382 minus
573 4313 758 4406 importare
782 4313 917 4382 videtur
934 4312 988 4405 (ut
1011 4308 1084 4406 lege
1108 4315 1151 4381 Si
1166 4313 1259 4382 servi
1282 4313 1374 4399 mei,

201 4519 204 4526 .
247 4456 266 4490 a
292 4425 329 4496 ff.
358 4427 400 4496 de
425 4452 497 4522 neg.
534 4442 619 4522 gest.
646 4429 743 4497 etin
772 4453 813 4498 eo
841 4453 925 4526 rogo
951 4430 1006 4500 1'1.
1031 4428 1160 4516 Quaest.
1189 4425 1289 4510 31-
1311 4428 1372 4498 uhi
