3004 5070
245 325 318 397 256
703 347 906 396 ruscrsros

243 501 391 545 «omnes
417 479 622 570 posteriores
650 475 911 546 consuetudines
942 477 989 546 ita
1019 501 1090 547 esse
1112 479 1312 572 reprobatas
1334 497 1374 552 ut

243 621 259 654 a
271 609 391 662 contra
407 591 514 686 legem
531 589 711 686 praevalere
728 615 799 658 non
816 591 959 686 possint.
984 621 1001 653 ι

292 711 333 778 lu
358 733 403 777 eo
422 722 475 777 est
487 709 598 776 citatae
613 706 919 801 argumentationis
932 708 1138 802 praeripuum
1157 709 1264 777 robur
1277 711 1373 804 quod

244 825 455 897 cousuetudo
469 825 511 894 de
525 851 593 919 qua
604 825 719 920 agitur
734 848 755 892 a
773 823 846 918 iege
858 822 1026 895 declarata
1044 825 1146 895 fuerit
1159 827 1312 898 abusiva.
1329 832 1372 898 In

246 942 361 1011 fronte
393 941 485 1008 enim
512 938 651 1034 allegati
675 938 800 1008 decreti
825 938 874 1007 sic
898 937 1059 1033 iegitur:
1087 946 1202 1012 Sacra
1230 945 1373 1013 Rittium

247 1056 491 1152 Congrcgatro,
508 1052 560 1122 od
567 1050 742 1123 wllendos
753 1051 957 1150 abususqui
973 1056 1092 1124 potitis
1107 1059 1145 1125 ἰη
1162 1056 1249 1126 loccis
1259 1059 1374 1154 irrep·

242 1185 378 1255 serunt,
408 1183 610 1240 remutare
640 1166 815 1258 meust-a,
845 1171 980 1238 censuit
1006 1185 1043 1239 et
1061 1167 1211 1240 dectrvil
1237 1197 1250 1239 .·
1277 1173 1375 1242 luter
1494 1211 1495 1260 t

243 1310 330 1380 quos
348 1283 479 1354 abtum
493 1284 608 1381 primo
634 1280 709 1352 loco
729 1284 869 1376 ponitur
891 1282 1023 1352 additio
1052 1308 1220 1355 uovorum
1238 1285 1373 1357 officio-

242 1423 381 1470 murex
406 1397 478 1468 sola
503 1397 666 1468 ordinarii
693 1398 907 1466 auctoritate.
935 1400 1118 1467 Decretum
1142 1414 1256 1468 autem
1285 1399 1372 1470 iliud

242 1517 405 1588 Urbanus
420 1516 504 1584 vltl
521 1510 604 1582 fecit
620 1537 732 1582 suum.
750 1515 791 1581 In
817 1511 887 1581 fine
899 1513 989 1582 euim
1006 1515 1054 1582 sic
1074 1513 1222 1584 liabetur
1240 1541 1249 1584 ε
1260 1513 1372 1608 facta

242 1629 384 1699 demum
403 1628 577 1699 relatione
588 1627 717 1697 hortun
734 1626 963 1718 decretorum,
980 1631 1016 1698 S.
1032 1633 1069 1698 S.
1093 1634 1139 1698 1).
1153 1633 1202 1699 Ν.
1225 1629 1372 1700 Urbano

243 1751 356 1840 Papae
383 1747 487 1831 Vm,
510 1769 556 1813 ea
577 1742 750 1828 laudavit,
776 1741 997 1838 approbavit,
1018 1759 1127 1840 atrthe
1142 1742 1190 1812 ab
1206 1743 1374 1816 omnibm

243 1859 373 1956 ubique
392 1857 460 1928 suh
477 1857 661 1956 praedt'ctr's
675 1859 796 1954 poem's
815 1860 950 1927 servan·
962 1860 1139 1954 proecepr't
1153 1859 1260 1956 (apud
1279 1863 1372 1932 Gar-

243 1973 375 2053 delfini,
394 1978 523 2060 tomi,
541 1998 638 2043 num.
650 1970 747 2069 593).

291 2089 386 2158 Idem
408 2089 589 2158 coufirmat
612 2090 804 2158 communis
823 2087 1001 2158 doctorum
1027 2090 1206 2179 sententia,
1225 2091 1285 2184 qui
1305 2115 1371 2186 ge-

242 2204 404 2274 neraliter
431 2219 549 2272 teuent
573 2202 701 2272 nullam
725 2203 1019 2290 consuetudinem,
1039 2218 1157 2298 utpote
1175 2229 1313 2298 pravam
1334 2221 1372 2276 et

239 2320 350 2414 alege
374 2319 603 2416 reprobatam,
635 2341 732 2412 posse
765 2331 884 2388 contra
910 2319 1055 2388 Piauum
1074 2318 1249 2388 decretum
1279 2345 1371 2415 prae·

241 2437 402 2505 scribere.
429 2434 519 2504 Vide
544 2433 738 2504 testimonia
755 2432 790 2500 iu
816 2433 928 2526 primo
948 2433 1051 2529 hujus
1071 2434 1190 2529 capitis
1206 2459 1371 2530 paragra·

240 2551 310 2646 pho
326 2549 481 2618 collecta.

288 2664 481 2757 Propositio
496 2666 549 2757 7¹.
560 2665 746 2757 Neqroeunt
757 2661 911 2732 locorum
929 2660 1122 2750 Onlinarid
1131 2665 1282 2758 proprio
1298 2689 1372 2735 au-

240 2781 403 2849 ctoritate
417 2793 555 2848 oruturc
565 2781 687 2868 ritum,
696 2779 761 2874 qui
776 2776 931 2848 habetur
939 2780 977 2847 in
990 2776 1195 2849 culemlan'o
1204 2785 1370 2852 Romano

238 2919 301 2966 reu
320 2893 466 2964 rubn‘cis
482 2891 655 2978 breviarii,
673 2893 713 2962 in
727 2891 892 2963 altiorem
909 2893 1028 2980 ήιιιιη,
1049 2917 1162 2991 neque
1177 2895 1371 2967 estendere

239 3035 406 3082 concessu
421 3008 545 3101 officia
556 3005 691 3078 deloco
706 3006 760 3077 ad
770 3007 895 3078 locum.
930 3047 974 3062 —-
989 3007 1032 3077 ld
1046 3033 1201 3102 expresse
1213 3012 1370 3081 sancitur

238 3127 273 3194 iu
299 3124 441 3218 praefato
469 3123 607 3191 decreto
636 3123 734 3192 initio
764 3122 922 3192 breviarii
938 3123 1084 3191 Romani
1116 3124 1291 3216 impresso.
1314 3127 1369 3197 Ab

237 3238 412 3309 ordinario
438 3253 552 3308 autem
581 3261 651 3306 non
676 3261 775 3331 posse
808 3239 913 3306 ritum
934 3238 1060 3306 mutari
1086 3238 1121 3305 iu
1148 3235 1368 3331 infertorem,

237 3354 390 3448 quamvis
403 3351 446 3422 de
458 3353 524 3421 hoc
533 3350 706 3423 decretum
724 3351 834 3439 sileat,
842 3354 890 3421 sic
910 3352 1051 3422 adnotat
1060 3351 1228 3423 Cavaiieri
1248 3379 1258 3423 ε
1278 3357 1369 3426 «Βί-

237 3483 321 3538 acet
340 3467 513 3538 decretum
534 3466 677 3538 dicatio
699 3466 872 3555 altiorem,
891 3466 979 3537 adde
1009 3465 1071 3536 vel
1091 3465 1369 3562 depmsscomm3

237 3611 255 3648 a
270 3607 364 3651 mens
382 3582 473 3652 euim
492 3581 618 3652 decreti
633 3595 684 3652 est
698 3597 737 3652 ut
751 3580 842 3652 nulia
858 3583 1003 3654 mutatio
1025 3581 1087 3652 fiat
1098 3596 1218 3654 contra
1233 3607 1274 3653 oa
1291 3609 1369 3680 quae

237 3727 254 3762 α
268 3698 304 3766 in
332 3694 524 3766 calendario
555 3700 721 3766 Romano.
742 3709 776 3765 et
803 3696 963 3766 breviarii
991 3694 1137 3764 rubricis
1165 3709 1248 3766 suot
1272 3698 1367 3768 ordi-

119 3905 122 3910 *
235 3825 345 3880 «nata
365 3810 498 3906 n(tom.
522 3813 571 3901 11,
597 3835 675 3906 pag.
709 3808 790 3907 175,
827 3810 1053 3898 editvener„
1091 3810 1209 3907 1170).
1243 3811 1368 3906 Neque

237 3941 370 3996 tautum
402 3926 529 3997 decreti
554 3949 663 4015 mens,
693 3925 752 3998 sed
788 3919 824 3996 et
857 3923 1001 3995 aliorum
1021 3922 1238 3996 decretorum
1267 3942 1368 3998 tenor

236 4041 326 4110 hanc
339 4039 740 4112 conclusionemcertam
760 4041 856 4112 facit.
867 4041 982 4110 Piauis
999 4041 1093 4110 euim
1122 4039 1227 4110 buttis
1243 4043 1365 4137 probi·

235 4155 337 4224 betur
358 4154 518 4248 quolibet
550 4157 585 4224 iu
615 4157 783 4228 breviario
811 4169 847 4225 et
873 4153 999 4226 missali
1027 4155 1241 4243 immutati03
1269 4159 1364 4253 atqui

236 4272 381 4341 mutatio
396 4273 482 4342 ritus
500 4273 569 4342 sire
587 4274 622 4342 iu
635 4273 890 4370 depressiorem,
907 4272 1027 4343 sivein
1043 4270 1212 4362 altiorem,
1223 4286 1276 4342 cst
1290 4297 1365 4344 mu·

236 4387 319 4461 tatio
356 4388 392 4456 iu
422 4385 613 4460 calendario
634 4389 805 4477 breviarii,
834 4413 874 4459 ac
891 4373 994 4484 proin
1015 4388 1052 4458 iu
1072 4387 1244 4461 breviatio
1266 4389 1368 4492 ip‘so3'
