3018 5070
264 331 308 429 it
648 355 653 365 '
719 353 921 410 autmarus
1012 352 1017 362 ⁴

261 494 383 578 datur,
412 478 628 586 reperientur
655 511 774 560 omnes
804 507 939 557 sonsum
967 485 1163 582 religiosum
1188 487 1313 560 habere
1344 511 1386 559 ac

258 607 403 704 proinde
427 607 549 702 dogma
574 602 710 698 aliquod
740 606 942 696 exprimere.
971 605 1090 697 Imago
1117 595 1270 674 crucifixi
1301 603 1385 674 dum
1502 585 1503 592 l

259 721 436 794 extollitur
452 736 485 789 et
503 720 659 791 onmium
689 718 897 786 reiterationi
923 716 1137 810 propanitur,
1159 718 1322 811 supponit
1350 733 1387 790 et

259 838 421 932 exprimit
438 839 472 904 in
490 835 688 930 mysterium
706 833 872 926 redempti
890 857 951 926 per
969 831 1097 900 Christi
1115 825 1260 901 mortem
1278 857 1386 928 gene·

259 953 305 1022 ris
323 952 465 1022 humani
481 950 597 1019 fidem.
618 952 711 1018 Dum
731 949 766 1016 in
788 947 915 1015 throno
932 965 1033 1040 super
1051 944 1385 1019 altarevllucharistia

260 1065 456 1153 collocatur,
480 1065 620 1133 indubie
638 1063 833 1133 manifestat
852 1075 1050 1155 presentem
1068 1061 1160 1129 credi
1180 1063 1243 1130 sula
1259 1063 1386 1156 specic-

258 1183 322 1251 bus
343 1181 530 1252 Christum.
545 1181 637 1248 Dum
653 1201 771 1246 ccreus
790 1175 957 1272 paschalis
968 1175 1175 1264 accenditur,
1192 1175 1384 1270 symbohrm
1502 1191 1503 1260 ζ

258 1311 309 1366 est
329 1295 456 1365 Christi
473 1295 532 1387 qui
550 1307 590 1361 ut
607 1317 725 1360 verum
745 1294 934 1360 animarum
953 1291 1068 1360 lumen
1088 1288 1221 1359 colitur.
1238 1294 1385 1361 Carteres

257 1411 365 1480 resin
384 1433 479 1478 sacro
505 1406 602 1478 cultu
629 1407 783 1476 adhiberi
806 1405 932 1491 solitas,
951 1422 1061 1478 vestas
1079 1431 1212 1502 nempe,
1234 1407 1386 1502 thymia-
1502 1487 1503 1506 ,

258 1539 360 1610 mata,
383 1538 578 1593 sanctorum
606 1521 776 1616 reliquias,
804 1521 937 1610 altaria,
966 1523 1092 1616 ignem,
1118 1519 1235 1609 salem,
1261 1547 1383 1615 aquam
1502 1521 1503 1596 l

257 1638 480 1724 benedictam,
499 1637 629 1732 aliaque
646 1636 810 1730 ejusmodi
836 1637 863 1704 si
881 1661 1064 1724 recenseas,
1084 1635 1211 1705 nullam
1236 1638 1383 1729 reperies
1502 1651 1503 1696 l

198 1799 204 1805 -
258 1779 333 1849 quae
357 1752 549 1847 religiosum
576 1751 705 1846 aliquid
736 1777 805 1819 non
836 1749 966 1839 doceat,
987 1777 1061 1845 quae
1085 1750 1139 1822 vel
1166 1776 1208 1821 cx
1236 1752 1381 1821 naturali
1502 1833 1503 1844 ,

258 1868 460 1962 aptitudine,
483 1866 536 1937 vel
563 1893 602 1936 ex
626 1866 694 1936 fine
719 1868 761 1936 ab
784 1851 933 1936 Ecclesia
951 1867 1103 1956 intento,
1117 1891 1188 1935 non
1208 1867 1249 1935 sit
1271 1865 1383 1962 aliqua
1502 1863 1503 1920 ἶ

258 1982 424 2078 dogmatis
440 1996 473 2050 et
492 1981 653 2050 doctrinae
671 1979 833 2074 religiosae
851 1980 1116 2049 manifestissima
1135 1981 1314 2075 scriptura.

306 2096 400 2165 Idem
423 2095 605 2164 dicendum
630 2095 671 2163 de
697 2095 818 2163 ritibus
846 2119 886 2163 ac
904 2094 1112 2162 ceremoniis
1131 2119 1205 2187 quae
1230 2119 1269 2164 ex
1289 2110 1382 2165 certa

258 2227 395 2282 externe
419 2211 540 2305 agendi
563 2209 636 2305 lege
654 2225 828 2295 constant;
848 2223 949 2303 prout
964 2223 1042 2277 sunt
1060 2209 1321 2304 genuflexiones,
1337 2212 1383 2279 si·

258 2352 323 2424 gna
350 2327 470 2414 crucis,
496 2325 754 2420 insufflationes,
782 2325 874 2418 pacis
894 2323 1020 2412 oscula,
1046 2338 1080 2391 et
1099 2323 1165 2394 alia
1188 2324 1382 2419 hujusmodi

258 2439 519 2536 quamplurima.
536 2443 611 2508 Hoc
629 2440 703 2535 ipso
719 2440 808 2506 enim
826 2438 917 2531 quod
936 2439 978 2506 ad
997 2437 1165 2538 liturgiam
1179 2439 1381 2532 pertincant,

258 2553 406 2650 religiosi
423 2553 550 2647 aliquid
570 2554 733 2640 indicant,
753 2577 792 2620 ac
806 2552 950 2646 proinde
965 2552 1087 2647 dogma
1106 2553 1216 2648 ipsum
1232 2569 1264 2622 et
1279 2553 1382 2623 fidem

257 2669 426 2738 societatis
448 2666 603 2761 quasillis
622 2669 743 2752 utitur,
757 2667 964 2760 exprimunt.

305 2787 359 2852 De
378 2783 490 2851 verbis
507 2781 686 2877 liturgicis,
701 2807 873 2876 respersa
886 2797 987 2875 patet.
1004 2781 1114 2849 Verba
1128 2782 1217 2848 enirn
1238 2779 1295 2850 illa
1314 2780 1381 2851 alia

257 2912 349 2982 sunt,
368 2899 517 2991 ipsaemet
542 2897 709 2991 dogmatis
730 2895 895 2983 formulae,
920 2911 958 2964 ut
983 2893 1173 2988 symbolum
1201 2894 1381 2988 apostolo·-

257 3031 346 3096 rum,
370 3000 566 3108 symbolum.
588 3011 771 3101 nicaenum,
798 3008 932 3102 aliaque
960 3009 1139 3077 innumera
1166 3009 1290 3102 quibus
1321 3035 1380 3080 ex·

256 3125 380 3222 pressis
410 3125 563 3192 terminis
587 3125 680 3192 varia
708 3123 786 3191 fidei
809 3124 917 3216 capita
943 3123 1180 3209 enuntiantem
1206 3121 1271 3192 alia
1301 3139 1383 3192 sunt
1502 3106 1503 3162 l

257 3239 481 3332 deprecativa,
507 3239 595 3306 utin
616 3237 827 3307 orationibus
846 3237 889 3305 ad
916 3241 1042 3325 Deum,
1064 3237 1107 3304 ad
1128 3239 1314 3324 Christum,
1337 3239 1380 3307 ad

257 3354 423 3447 Spiritum
441 3367 609 3439 sanctum,
627 3351 669 3420 ad
687 3353 869 3446 Deiparam
887 3349 1012 3420 aliosve
1035 3349 1109 3418 coeli
1129 3349 1254 3420 incolas
1272 3352 1383 3422 direc-

163 3500 166 3506 ·
257 3468 300 3535 tis
320 3481 379 3535 :et
396 3467 469 3535 haec
483 3469 678 3560 exprimunt
700 3465 790 3535 credi
809 3467 963 3534 viventes
981 3489 1038 3533 eas
1057 3489 1214 3559 personas
1233 3466 1275 3534 ad
1296 3491 1381 3560 quas

257 3582 367 3650 oratio
393 3582 577 3668 emittitur-3
603 3594 636 3648 et
657 3580 756 3649 simul
774 3581 974 3674 exprimitur
998 3579 1083 3648 lides
1111 3581 1276 3650 derebus
1305 3607 1383 3675 quae
1502 3601 1503 3680 ζ

190 3722 193 3728 ·
257 3695 476 3792 postulantur
495 3711 528 3764 et
552 3696 595 3764 de
612 3695 848 3790 postulationis
865 3695 1021 3765 utilitate.
1037 3692 1112 3764 Alia
1129 3697 1314 3788 gratiarum
1331 3723 1383 3766 ac·
1502 3711 1503 3720 ’

258 3812 385 3881 tionem
404 3835 468 3904 pro
487 3813 632 3904 acceptis
650 3810 835 3898 beneficiis,
848 3809 901 3878 vel
913 3807 1167 3896 exultationem,
1185 3809 1240 3878 vel
1253 3809 1398 3880 Christis
1502 3801 1503 3808 ἵ

258 3941 318 3995 aut
342 3940 537 3994 sanctorum
564 3926 717 3992 encomia
744 3925 909 3993 referunt·
901 3947 1006 4018 ,quae
1024 3925 1138 3994 omnia
1168 3940 1294 3996 certam
1320 3925 1381 3994 ali·

258 4065 359 4135 quam
380 4039 481 4107 fidem
500 4053 533 4106 et
554 4037 724 4132 religionis
743 4038 931 4107 doctrinam
955 4037 1099 4144 singulis
1118 4041 1297 4135 phrasibus
1321 4067 1383 4110 ex-

257 4156 423 4250 primunt.
445 4151 519 4220 Alia
544 4175 585 4219 ex
610 4152 693 4245 ipsis
709 4153 812 4220 sacris
833 4135 927 4222 libris
948 4139 1229 4248 depromuntur:
1255 4169 1289 4224 et
1312 4156 1382 4225 haec

259 4270 453 4363 exprimunt
476 4247 556 4334 vera
582 4265 674 4334 credi
696 4282 733 4336 et
753 4282 868 4338 saneta
892 4293 969 4363 quac
991 4271 1039 4339 sic
1062 4295 1081 4338 e
1101 4269 1226 4339 sanctis
1205 4269 1383 4417 paginis

257 4383 302 4453 ad
320 4379 454 4452 cultum
470 4394 647 4451 externum
664 4381 891 4453 adhibentur.
