2982 5072
246 337 314 418 124
703 364 910 410 rnacrsrus

242 509 391 578 nemque
413 487 664 578 omnimodam,
693 495 807 584 aptius
830 490 934 560 luisse
963 489 1174 580 institutum,
1203 516 1304 586 quam
1327 491 1362 560 id

242 602 336 696 quod
356 601 513 674 Ecclesiae
530 621 564 674 ct
578 632 709 702 sponsae
722 632 791 676 sue
808 609 945 676 nomine
959 608 1129 678 Dominus
1144 611 1240 678 Josus
1250 610 1365 676 iuter-

236 718 290 784 'ris
313 716 423 788 voluit
447 719 660 791 aedificatum.
678 723 780 793 Unde
792 725 819 792 si
834 723 877 791 ad
894 721 999 792 solam
1021 722 1112 792 illam
1125 723 1225 794 ovilis
1245 747 1364 793 vocem

243 835 332 902 serio
367 836 539 907 attendere
565 837 673 907 velint
706 854 941 934 protestantes,
969 837 1067 909 facile
1092 865 1241 910 errorem
1265 863 1364 910 suum

242 963 428 1041 agnoscent
447 952 605 1021 :sienim
623 953 714 1023 ovile
742 954 785 1023 sit
804 952 966 1042 Ecclesia,
988 957 1171 1026 auctoritas
1191 954 1365 1049 pastoralis

246 1062 310 1156 ipsi
328 1066 440 1156 praesit
460 1091 592 1138 neccsse
613 1083 676 1156 est,
699 1093 740 1138 ac
758 1068 899 1162 proinde
920 1083 1080 1163 potestas,
1105 1084 1177 1138 tum
1196 1068 1365 1166 liturgiam

246 1192 318 1246 tuni
333 1194 454 1250 caetera
466 1182 705 1270 statuendi,ad
720 1182 870 1253 fidelium
887 1182 1140 1254 multitudinem
1155 1208 1363 1278 nequaquam

241 1295 403 1389 pertinet.

293 1409 334 1478 2⁰
357 1409 514 1481 Ecclesia
526 1415 741 1508 praepositani
756 1415 888 1484 fnissca
901 1417 1037 1486 Christo
1046 1417 1280 1487 auctoritatem
1293 1442 1366 1510 quae

243 1522 394 1594 fidelium
420 1526 675 1598 multitudinem
693 1531 873 1625 gubernet,
889 1545 1022 1601 constat
1050 1533 1189 1626 insuper
1202 1532 1255 1600 his
1278 1533 1367 1602 Scri·

244 1653 355 1734 pturae
372 1642 482 1712 verbis
498 1669 507 1713 :
534 1649 587 1714 Tu
600 1671 639 1712 es
658 1649 799 1733 Petrus,
817 1661 968 1742 atsuper
984 1647 1236 1718 lroucPetrom
1252 1645 1367 1737 scrufi-

243 1753 332 1824 cado
344 1757 544 1828 Ecclesiam
558 1784 694 1831 meant.
711 1765 786 1830 Hoc
800 1777 894 1833 textu
906 1766 1046 1832 Petrum
1065 1761 1228 1834 declarari
1250 1787 1366 1856 rupem

243 1869 533 1944 fundamentalem
547 1874 705 1946 Ecclesiae
718 1892 841 1950 contra
860 1879 972 1948 inania
983 1877 1265 1948 heterodoxorum
1285 1875 1369 1946 cffu-

243 1987 299 2082 gia
318 1986 510 2082 plenissimo
535 1991 810 2062 demonstrarunt
826 1994 983 2063 doctores
1006 1990 1177 2064 catholici.
1194 1996 1268 2062 Jam
1289 2017 1367 2062 vero

239 2127 309 2172 non
327 2120 438 2199 potest
451 2105 572 2202 aliquis
588 2133 659 2178 esse
684 2109 943 2180 fundamentum
955 2109 1099 2203 alicujus
1114 2109 1295 2192 societatis,
1308 2132 1367 2178 seu

244 2243 345 2315 rupes
360 2247 466 2316 super
485 2249 586 2317 quam
609 2223 776 2294 solidatur
797 2224 913 2320 aliqua
929 2226 1106 2294 hominum
1128 2226 1281 2314 societas,
1307 2223 1368 2294 nisi

244 2361 286 2406 eo
310 2362 409 2407 senisu
428 2340 522 2433 quod
537 2355 736 2434 potestatem
750 2342 874 2411 habeat
891 2342 1085 2411 societatem
1111 2340 1203 2410 illam
1220 2339 1367 2435 regendi.

245 2449 286 2522 3⁰
295 2453 388 2521 ldern
403 2455 691 2549 patefaciuuthaec
704 2458 829 2526 Christi
838 2457 956 2526 rerba:
965 2453 1371 2552 Tibirloliocluvcsregui

242 2567 416 2654 coelorum,
436 2585 475 2638 et
488 2568 731 2667 quodcumque
748 2571 924 2668 lrgoverr's,
937 2588 1004 2642 etc.
1015 2571 1055 2642 ld
1070 2573 1160 2641 enim
1174 2569 1294 2640 falsum
1309 2586 1370 2655 est,

245 2684 312 2752 nisi
327 2683 442 2753 fideles
455 2688 587 2754 aPetro
601 2687 771 2780 pendeant
786 2686 949 2756 utcaelum
959 2687 1092 2782 ingredi
1108 2688 1252 2781 possint;
1264 2711 1367 2780 porro

244 2797 311 2867 hoc
333 2798 408 2893 ipso
425 2801 619 2870 auctoritati
635 2804 726 2870 Petri
738 2800 889 2871 fidelium
905 2801 1090 2873 multitudo
1104 2801 1249 2897 regenda
1261 2801 1368 2894 suhji·

242 2913 343 2984 citur.
364 2919 433 2985 Eos
455 2942 536 2986 veto
556 2930 666 2986 textus
679 2943 748 2986 non
771 2917 899 2988 desolo
915 2923 1018 2990 Petro
1033 2943 1106 2988 esse
1118 2916 1365 3012 intelligendos,

244 3031 303 3100 sed
321 3047 573 3126 permanentem
587 3032 746 3103 Ecclesiae
765 3034 909 3104 formam
929 3036 1129 3129 exprimere,
1141 3049 1176 3104 ct
1190 3033 1369 3104 sensusob·

244 3148 334 3234 vius,
357 3164 393 3217 et
405 3162 477 3217 tota
493 3173 513 3218 a
531 3151 648 3243 primis
660 3149 818 3220 Ecclesiae
827 3150 972 3222 exordiis
984 3149 1124 3220 traditio
1142 3166 1178 3222 et
1195 3150 1368 3220 universa-

245 3262 287 3332 lis
304 3264 387 3334 fides
401 3278 556 3336 testatur.

292 3380 334 3466 4⁰
360 3382 516 3452 Christus
533 3379 697 3477 apostolis
718 3379 864 3452 contulit
878 3396 1079 3475 potestatem
1096 3379 1252 3469 docendi,
1270 3381 1317 3450 ita
1331 3394 1368 3450 nt

244 3522 362 3566 omncs
377 3513 575 3568 tenerentur
585 3523 704 3566 eorum
731 3497 894 3566 doctrinae
922 3521 1051 3566 morem
1069 3521 1210 3592 gerere:
1235 3501 1369 3566 Ermtes

244 3609 401 3682 docete...
430 3614 503 3703 Qui
524 3611 711 3682 crediderit
734 3628 771 3682 et
787 3612 991 3708 bapumras
1013 3611 1132 3707 fucrit
1148 3609 1368 3683 salvaturo.-

245 3725 310 3822 qui
334 3747 422 3792 vem
446 3749 517 3794 non
534 3723 717 3794 crediderit
736 3724 1069 3796 corrdcumoditur...
1093 3727 1165 3816 (lui
1182 3749 1252 3796 vos
1273 3722 1372 3796 aad't

248 3864 306 3908 me
324 3837 438 3925 medic,
459 3842 578 3937 etqui
600 3865 669 3910 vos
685 3843 820 3936 spernit
838 3865 896 3912 me
916 3843 1065 3937 speruit.
1087 3841 1138 3910 lbi
1158 3853 1248 3910 certe
1268 3837 1370 3932 aliqui

246 3954 403 4024 homiues
420 3957 688 4044 constituuntur,
703 3958 827 4050 quibos
846 3957 1050 4028 docentibus
1065 3955 1150 4050 quid
1168 3955 1213 4024 ad
1233 3952 1370 4024 salutem

244 4069 526 4164 consequendam
535 4071 672 4142 credere
687 4089 722 4142 et
736 4098 838 4168 agere
853 4097 988 4144 necesse
1003 4074 1060 4160 sit,
1073 4087 1272 4142 caeterorum
1289 4067 1372 4140 mul·

248 4185 360 4256 titudo
376 4186 515 4256 obedire
531 4201 697 4258 teneatur.
722 4192 767 4258 Et
789 4189 856 4257 hoc
871 4188 1007 4282 quidem
1035 4213 1106 4258 non
1129 4185 1232 4256 modo
1249 4185 1373 4256 transi·

247 4301 359 4389 torio,
372 4301 430 4371 sed
448 4325 561 4399 usque
581 4302 634 4372 od
653 4305 988 4374 consummationem
1001 4301 1127 4376 saeculi
1143 4301 1372 4372 constituitur.

246 4420 337 4514 Ergo
358 4443 400 4488 ex
426 4419 639 4488 institutione
670 4420 813 4508 Christi,
843 4444 954 4514 neque
978 4417 1161 4490 deliniendi
1189 4416 1372 4514 dogmatis,
