2978 5076
479 391 526 439 na
549 379 637 460 anun
663 379 871 440 ntrunerco.
1162 381 1236 468 209

110 543 128 582 α
147 517 280 586 casibus
296 537 360 610 pro
376 537 438 585 usu
462 517 557 586 chori
575 517 688 588 recedi
708 519 750 588 ab
769 520 910 613 antiquo
934 542 1078 606 usu31ac
1095 519 1239 591 subinde

110 659 129 697 o
148 633 197 702 ibi
217 629 423 702 servandum
437 655 509 700 esse
518 631 574 724 jus
590 643 784 722 commuue,
806 631 896 725 quod
910 631 1027 722 habet,
1045 649 1163 702 omnes
1189 635 1242 703 in'·

111 777 129 813 n
144 748 283 817 seriores
298 745 452 816 ecclesias
474 746 680 816 conformari
698 745 819 815 debere
841 741 1121 842 metropolitanae.
1139 749 1240 843 (Cap.
1319 777 1320 782 ¹

109 893 128 928 α
146 859 278 957 penult.
296 875 332 930 et
355 859 416 931 ult.
444 859 481 929 d.
515 861 590 956 ra.)
609 861 695 950 Quae
719 860 932 955 regularum
954 863 1177 957 proportione
1198 863 1242 933 ad

113 975 318 1072 «regulares
336 974 490 1045 ecelesias
516 975 717 1070 applicatur,
737 991 775 1046 ut
799 1000 1012 1074 unaquaeque
1038 981 1090 1048 sui
1113 979 1243 1050 ordinis
1275 991 1278 1000 ’

114 1121 131 1158 ι
152 1095 257 1161 ritum
272 1093 366 1186 sequi
390 1090 530 1179 debeat,
552 1093 689 1194 quando
713 1087 770 1161 illa
789 1093 993 1188 antiquitate
1011 1093 1135 1188 gaudet
1152 1119 1244 1164 eam·

114 1237 132 1274 a
149 1233 218 1304 que
233 1206 307 1277 vult
322 1207 478 1277 retinere.
497 1207 602 1296 Quod
625 1209 652 1277 si
665 1231 705 1277 ex
720 1207 820 1277 simili
838 1223 870 1277 et
884 1231 978 1303 aque
1000 1209 1139 1304 antiqua
1158 1233 1243 1280 con·

113 1353 131 1389 a
148 1323 330 1393 suetudine
349 1321 499 1391 dioecesis
517 1322 715 1417 episcopalis
737 1324 913 1418 proprium
934 1323 1092 1393 habuerit
1114 1325 1246 1398 brevia·

115 1469 133 1504 n
150 1441 254 1527 rium,
271 1437 371 1507 eredo
387 1461 483 1531 posse
498 1436 583 1507 illud
602 1439 759 1524 retinere,
779 1453 812 1508 et
829 1435 897 1507 nou
919 1463 1015 1532 posse
1034 1441 1158 1508 mutari
1180 1441 1245 1510 nisi

116 1583 134 1621 a
151 1577 230 1625 oum
249 1554 407 1650 praedicta
420 1554 616 1624 conditione
632 1561 815 1623 cousensus
838 1556 995 1649 Episcopi
1017 1571 1051 1625 et
1068 1557 1172 1625 totius
1189 1583 1248 1626 ca·

114 1669 273 1766 npituli3
298 1671 378 1764 quia
414 1668 494 1738 Pius
523 1673 556 1739 V
579 1694 733 1764 expresse
761 1668 915 1763 loquitur
940 1670 981 1738 de
1009 1671 1184 1740 breviariis
1204 1672 1248 1740 ab

116 1813 133 1848 a
154 1786 333 1881 Episcopis
362 1787 396 1854 in
425 1787 495 1856 suis
528 1785 727 1854 dioecesibus
755 1783 1017 1879 pervulgatis,et
1047 1801 1164 1880 postea
1190 1785 1248 1855 illa

116 1927 138 1964 n
158 1899 417 1994 comprehendit
444 1903 480 1969 iu
508 1902 717 1994 exceptione,
740 1911 774 1968 rt
801 1915 838 1968 ut
864 1899 1007 1994 relinqui
1030 1903 1158 1995 possint
1178 1927 1247 1971 non

119 2015 307 2108 «postulat
327 2014 580 2113 metropolitani
603 2039 816 2099 consensum,
842 2014 900 2082 sed
930 2015 1086 2109 Episcopi
1114 2018 1250 2121 etuni-

119 2132 245 2200 «versi
266 2129 416 2226 capituli.
432 2137 521 2203 Cum
539 2144 651 2200 autem
670 2130 752 2199 dicit
777 2130 989 2213 ttnr‘versum,
1013 2153 1080 2198 nou
1101 2129 1252 2224 postulat

121 2276 140 2312 n
160 2261 198 2316 ut
217 2269 335 2315 onmes
352 2246 394 2316 de
416 2243 579 2342 capitulo,
597 2244 692 2318 nullo
723 2245 949 2338 discrepante,
968 2246 1196 2331 consentian13
1216 2244 1251 2312 id

122 2391 141 2428 α
160 2362 251 2431 enim
271 2361 447 2434 moraliter
478 2359 721 2456 expectandum
747 2381 816 2427 uon
836 2373 898 2445 cst;
915 2381 977 2428 nec
1003 2359 1052 2426 vis
1069 2358 1162 2426 uerbi
1185 2360 1253 2427 hoc

124 2507 142 2545 α
162 2475 324 2574 postulat,
341 2479 398 2548 sed
424 2472 533 2548 solunt
554 2475 646 2570 quod
663 2499 846 2544 consensus
863 2488 1042 2570 praestetur
1063 2499 1083 2543 a
1102 2472 1255 2568 capitulo

125 2610 199 2665 ant
219 2593 404 2688 capitulum
419 2607 479 2680 est,
501 2592 606 2675 idest,
628 2613 689 2686 per
711 2589 852 2659 modum
874 2589 973 2659 unius
987 2589 1140 2684 corporis
1162 2613 1256 2684 mys·

126 2739 144 2776 α
163 2710 218 2778 tici
232 2707 274 2779 ad
290 2709 354 2778 hoe
365 2707 578 2804 congregati3
589 2723 621 2776 et
634 2721 715 2774 tunc
725 2705 924 2774 uuiversum
940 2701 1106 2774 consentit
1120 2705 1258 2800 quando

127 2813 150 2890 α’
163 2826 274 2917 major
286 2846 364 2920 pars
378 2823 495 2909 uincit,
510 2821 574 2890 nisi
590 2823 669 2914 jure
681 2841 840 2917 expresso
857 2819 1000 2914 amplius
1016 2821 1219 2914 requiratur.
1237 2849 1256 2885 n

121 2940 283 3038 (Suarez,
300 2940 343 3009 de
357 2938 485 3034 Relig,
503 2951 588 3009 torn.
613 2941 662 3026 Il,
690 2935 748 3006 lib.
772 2959 822 3024 w,
839 2936 882 3004 de
900 2937 991 3004 horis
1008 2961 1094 3022 ean,
1108 2959 1181 3029 cap.
1202 2959 1263 3023 tt,

132 3083 167 3127 n.
185 3055 239 3152 4.)

179 3179 353 3277 Expendit
383 3193 497 3275 postea
534 3181 679 3259 Suarcz,
718 3201 761 3244 an
800 3177 835 3244 in
878 3173 1022 3245 ecclesiis
1060 3201 1149 3271 quae,
1182 3201 1261 3246 eum

132 3313 328 3367 tenerentur
360 3295 532 3391 liturgiam
573 3295 711 3364 Piauam
739 3291 908 3386 amplecti,
944 3315 1017 3360 eam
1050 3305 1160 3360 tamen
1194 3315 1262 3360 uon

133 3413 294 3510 amplexae
316 3425 408 3503 suut,
442 3411 549 3507 possit
570 3408 636 3480 alia
667 3409 804 3503 liturgia
836 3434 883 3477 ex
906 3404 1154 3476 consuetudine
1188 3405 1263 3474 fieri

133 3529 296 3626 legitima.
325 3531 369 3598 Et
401 3541 582 3622 antequam
613 3524 773 3623 negative
801 3521 1018 3618 respondeat,
1042 3521 1088 3592 ita
1109 3521 1181 3616 ipse
1200 3523 1265 3593 sibi

133 3645 278 3738 objicit:
1075 3631 1077 3635 ’

183 3785 201 3823 a
220 3759 362 3828 Occasio
377 3756 556 3827 dubitandi
574 3771 624 3826 est
646 3758 726 3850 quia
750 3770 861 3851 potest
879 3753 1004 3826 alicubi
1027 3781 1095 3824 nou
1117 3781 1186 3827 esse
1205 3781 1269 3830 re·

135 3901 152 3939 a
171 3887 272 3967 cepta
288 3873 354 3968 (lex
374 3873 425 3946 Pii
438 3872 498 3968 V),
511 3897 573 3942 nec
587 3872 738 3941 moribus
758 3872 967 3960 introducta3
981 3897 1047 3942 non
1062 3872 1163 3943 titulo
1179 3878 1269 3946 auti·

135 4017 153 4054 n
172 4013 249 4084 quae
266 3988 531 4073 consuetudinis,
557 3975 616 4058 sed
638 4012 677 4056 ex
693 3986 896 4082 negligentia
912 3987 960 4057 vel
983 3989 1171 4060 resistentia
1189 3995 1269 4090 Epi·

137 4133 155 4170 α
172 4128 353 4199 scaporum
376 4131 435 4176 seu
456 4103 696 4186 Proelatonun;
721 4127 796 4198 quae
819 4105 852 4173 iu
875 4103 972 4172 initio
987 4118 1098 4200 potest
1117 4131 1187 4176 esse
1206 4109 1272 4178 ini·

137 4247 155 4284 n
173 4245 256 4314 qua,
277 4245 338 4288 usu
351 4235 464 4290 tamen
484 4219 705 4290 etduratione
719 4217 1009 4315 praevalerc:ctuu
1034 4221 1122 4290 enirn
1138 4221 1208 4291 lraec
1220 4225 1272 4293 lex

139 4336 326 4406 «humana
371 4339 435 4426 sit,
474 4336 599 4432 poterit
630 4337 872 4406 consuetudine
905 4337 1075 4405 contraria
1112 4336 1269 4432 abrogari
1327 4345 1332 4358 '

140 4477 158 4514 r
175 4467 259 4548 ergo
288 4477 356 4523 non
379 4467 549 4552 repugnat
579 4452 702 4524 alicubi
728 4454 775 4523 ita
803 4450 982 4539 accidisse,
1015 4450 1061 4519 ibi
1089 4473 1170 4546 ergo
1201 4475 1270 4522 nou

1056 4567 1097 4650 ll
