<?xml version="1.0" encoding="UTF-8"?>
<!DOCTYPE html PUBLIC "-//W3C//DTD XHTML 1.0 Transitional//EN"
    "http://www.w3.org/TR/xhtml1/DTD/xhtml1-transitional.dtd">
<html xmlns="http://www.w3.org/1999/xhtml" xml:lang="en" lang="en">
 <head>
  <title>
</title>
<meta http-equiv="Content-Type" content="text/html;charset=utf-8" />
  <meta name='ocr-system' content='tesseract 3.04.00' />
  <meta name='ocr-capabilities' content='ocr_page ocr_carea ocr_par ocr_line ocrx_word'/>
</head>
<body>
  <div class='ocr_page' id='page_1' title='image "./tractatusdejure00bouigoog_0184.png"; bbox 0 0 2978 5076; ppageno 0'>
   <div class='ocr_carea' id='block_1_1' title="bbox 493 367 1247 441">
    <p class='ocr_par' dir='ltr' id='par_1_1' title="bbox 493 367 1247 441">
     <span class='ocr_line' id='line_1_1' title="bbox 493 367 1247 441; baseline 0.003 -26"><span class='ocrx_word' id='word_1_1' title='bbox 493 370 540 415; x_wconf 81' lang='lat' dir='ltr'>us</span> <span class='ocrx_word' id='word_1_2' title='bbox 565 369 653 416; x_wconf 82' lang='lat' dir='ltr'>suun</span> <span class='ocrx_word' id='word_1_3' title='bbox 679 367 884 416; x_wconf 77' lang='lat' dir='ltr'>srruncrco.</span> <span class='ocrx_word' id='word_1_4' title='bbox 1187 371 1247 441; x_wconf 83' lang='lat'>¹7¹</span> 
     </span>
    </p>
   </div>
   <div class='ocr_carea' id='block_1_2' title="bbox 115 491 1325 2779">
    <p class='ocr_par' dir='ltr' id='par_1_2' title="bbox 115 491 1325 2779">
     <span class='ocr_line' id='line_1_2' title="bbox 173 491 1249 586; baseline -0.001 -22"><span class='ocrx_word' id='word_1_5' title='bbox 173 492 365 564; x_wconf 72' lang='lat' dir='ltr'><strong>Prudenter</strong></span> <span class='ocrx_word' id='word_1_6' title='bbox 398 506 531 582; x_wconf 86' lang='lat' dir='ltr'>tamen,</span> <span class='ocrx_word' id='word_1_7' title='bbox 557 508 596 562; x_wconf 87' lang='lat' dir='ltr'>ut</span> <span class='ocrx_word' id='word_1_8' title='bbox 622 491 657 560; x_wconf 95' lang='lat' dir='ltr'>in</span> <span class='ocrx_word' id='word_1_9' title='bbox 690 492 792 560; x_wconf 90' lang='lat' dir='ltr'>thesis</span> <span class='ocrx_word' id='word_1_10' title='bbox 824 492 1060 562; x_wconf 78' lang='lat' dir='ltr'>enuntiatione</span> <span class='ocrx_word' id='word_1_11' title='bbox 1084 492 1249 586; x_wconf 81' lang='lat' dir='ltr'><strong>diximus,</strong></span> 
     </span>
     <span class='ocr_line' id='line_1_3' title="bbox 120 605 1249 705; baseline -0.003 -25"><span class='ocrx_word' id='word_1_12' title='bbox 120 623 300 705; x_wconf 87' lang='lat' dir='ltr'>coeperunt</span> <span class='ocrx_word' id='word_1_13' title='bbox 327 607 451 678; x_wconf 84' lang='lat' dir='ltr'>saeculo</span> <span class='ocrx_word' id='word_1_14' title='bbox 473 608 592 702; x_wconf 92' lang='lat' dir='ltr'>quinto</span> <span class='ocrx_word' id='word_1_15' title='bbox 612 605 831 703; x_wconf 79' lang='lat' dir='ltr'>provincialia</span> <span class='ocrx_word' id='word_1_16' title='bbox 861 606 1003 677; x_wconf 88' lang='lat' dir='ltr'>concilia</span> <span class='ocrx_word' id='word_1_17' title='bbox 1032 607 1249 701; x_wconf 83' lang='lat' dir='ltr'>adducendae,</span> 
     </span>
     <span class='ocr_line' id='line_1_4' title="bbox 121 722 1250 819; baseline 0 -25"><span class='ocrx_word' id='word_1_18' title='bbox 121 727 153 796; x_wconf 93' lang='lat' dir='ltr'>in</span> <span class='ocrx_word' id='word_1_19' title='bbox 195 748 402 819; x_wconf 89' lang='lat' dir='ltr'>unaquaque</span> <span class='ocrx_word' id='word_1_20' title='bbox 423 723 539 793; x_wconf 89' lang='lat' dir='ltr'>saltem</span> <span class='ocrx_word' id='word_1_21' title='bbox 560 723 745 818; x_wconf 90' lang='lat' dir='ltr'>provincia,</span> <span class='ocrx_word' id='word_1_22' title='bbox 770 723 892 792; x_wconf 91' lang='lat' dir='ltr'>unitati</span> <span class='ocrx_word' id='word_1_23' title='bbox 914 722 1123 794; x_wconf 90' lang='lat' dir='ltr'>adlaborare.</span> <span class='ocrx_word' id='word_1_24' title='bbox 1148 723 1250 795; x_wconf 87' lang='lat' dir='ltr'>Prio-</span> 
     </span>
     <span class='ocr_line' id='line_1_5' title="bbox 120 837 1265 936; baseline -0.002 -24"><span class='ocrx_word' id='word_1_25' title='bbox 120 843 217 913; x_wconf 91' lang='lat' dir='ltr'>ribus</span> <span class='ocrx_word' id='word_1_26' title='bbox 246 841 401 936; x_wconf 86' lang='lat' dir='ltr'>quidem,</span> <span class='ocrx_word' id='word_1_27' title='bbox 420 854 498 935; x_wconf 88' lang='lat' dir='ltr'>post</span> <span class='ocrx_word' id='word_1_28' title='bbox 523 839 729 910; x_wconf 79' lang='lat' dir='ltr'>fundatasa</span> <span class='ocrx_word' id='word_1_29' title='bbox 755 839 836 908; x_wconf 90' lang='lat' dir='ltr'>viris</span> <span class='ocrx_word' id='word_1_30' title='bbox 858 839 1052 934; x_wconf 79' lang='lat' dir='ltr'>apostolicis</span> <span class='ocrx_word' id='word_1_31' title='bbox 1074 837 1265 928; x_wconf 44' lang='lat' dir='ltr'>ecclesiass</span> 
     </span>
     <span class='ocr_line' id='line_1_6' title="bbox 119 953 1250 1054; baseline -0.002 -26"><span class='ocrx_word' id='word_1_32' title='bbox 119 958 345 1054; x_wconf 80' lang='lat' dir='ltr'>temporibus,</span> <span class='ocrx_word' id='word_1_33' title='bbox 378 956 532 1026; x_wconf 88' lang='lat' dir='ltr'>nondum</span> <span class='ocrx_word' id='word_1_34' title='bbox 568 954 766 1026; x_wconf 84' lang='lat' dir='ltr'>imminebat</span> <span class='ocrx_word' id='word_1_35' title='bbox 800 953 989 1051; x_wconf 85' lang='lat' dir='ltr'>periculum</span> <span class='ocrx_word' id='word_1_36' title='bbox 1023 981 1068 1026; x_wconf 90' lang='lat' dir='ltr'>ne</span> <span class='ocrx_word' id='word_1_37' title='bbox 1102 955 1250 1052; x_wconf 87' lang='lat' dir='ltr'>liturgiae</span> 
     </span>
     <span class='ocr_line' id='line_1_7' title="bbox 119 1071 1248 1168; baseline -0.003 -23"><span class='ocrx_word' id='word_1_38' title='bbox 119 1075 302 1145; x_wconf 81' lang='lat' dir='ltr'>ordinariis</span> <span class='ocrx_word' id='word_1_39' title='bbox 319 1073 470 1146; x_wconf 86' lang='lat' dir='ltr'>locorum</span> <span class='ocrx_word' id='word_1_40' title='bbox 492 1074 667 1168; x_wconf 66' lang='lat' dir='ltr'>permissu</span> <span class='ocrx_word' id='word_1_41' title='bbox 682 1073 717 1141; x_wconf 93' lang='lat' dir='ltr'>in</span> <span class='ocrx_word' id='word_1_42' title='bbox 733 1071 878 1141; x_wconf 85' lang='lat' dir='ltr'>deterius</span> <span class='ocrx_word' id='word_1_43' title='bbox 898 1072 1043 1143; x_wconf 85' lang='lat' dir='ltr'>abirent.</span> <span class='ocrx_word' id='word_1_44' title='bbox 1067 1073 1190 1144; x_wconf 85' lang='lat' dir='ltr'>Vivida</span> <span class='ocrx_word' id='word_1_45' title='bbox 1203 1072 1248 1142; x_wconf 90' lang='lat' dir='ltr'>si·</span> 
     </span>
     <span class='ocr_line' id='line_1_8' title="bbox 119 1176 1248 1285; baseline -0.004 -24"><span class='ocrx_word' id='word_1_46' title='bbox 119 1189 259 1285; x_wconf 90' lang='lat' dir='ltr'>quidem</span> <span class='ocrx_word' id='word_1_47' title='bbox 282 1189 394 1259; x_wconf 88' lang='lat' dir='ltr'>adhuc</span> <span class='ocrx_word' id='word_1_48' title='bbox 417 1190 591 1285; x_wconf 79' lang='lat' dir='ltr'>perstabat</span> <span class='ocrx_word' id='word_1_49' title='bbox 613 1176 717 1280; x_wconf 86' lang='lat' dir='ltr'>atque</span> <span class='ocrx_word' id='word_1_50' title='bbox 731 1187 891 1256; x_wconf 89' lang='lat' dir='ltr'>omnibus</span> <span class='ocrx_word' id='word_1_51' title='bbox 905 1210 1038 1257; x_wconf 87' lang='lat' dir='ltr'>summe</span> <span class='ocrx_word' id='word_1_52' title='bbox 1056 1187 1248 1258; x_wconf 87' lang='lat' dir='ltr'>veneranda</span> 
     </span>
     <span class='ocr_line' id='line_1_9' title="bbox 119 1303 1248 1400; baseline -0.004 -25"><span class='ocrx_word' id='word_1_53' title='bbox 119 1305 343 1376; x_wconf 82' lang='lat' dir='ltr'>traditionum</span> <span class='ocrx_word' id='word_1_54' title='bbox 358 1331 453 1399; x_wconf 58' lang='lat' dir='ltr'>aque,</span> <span class='ocrx_word' id='word_1_55' title='bbox 461 1303 656 1400; x_wconf 90' lang='lat' dir='ltr'>regularum</span> <span class='ocrx_word' id='word_1_56' title='bbox 677 1304 832 1399; x_wconf 88' lang='lat' dir='ltr'>primitus</span> <span class='ocrx_word' id='word_1_57' title='bbox 845 1317 1047 1373; x_wconf 85' lang='lat' dir='ltr'>statutarum</span> <span class='ocrx_word' id='word_1_58' title='bbox 1065 1303 1248 1391; x_wconf 85' lang='lat' dir='ltr'>memoria;</span> 
     </span>
     <span class='ocr_line' id='line_1_10' title="bbox 117 1417 1247 1514; baseline -0.003 -24"><span class='ocrx_word' id='word_1_59' title='bbox 117 1445 203 1514; x_wconf 91' lang='lat' dir='ltr'>quas</span> <span class='ocrx_word' id='word_1_60' title='bbox 219 1418 407 1490; x_wconf 85' lang='lat' dir='ltr'>convellere</span> <span class='ocrx_word' id='word_1_61' title='bbox 429 1417 481 1488; x_wconf 88' lang='lat' dir='ltr'>vel</span> <span class='ocrx_word' id='word_1_62' title='bbox 499 1419 705 1490; x_wconf 87' lang='lat' dir='ltr'>novitatibus</span> <span class='ocrx_word' id='word_1_63' title='bbox 733 1418 911 1490; x_wconf 85' lang='lat' dir='ltr'>obfuscare</span> <span class='ocrx_word' id='word_1_64' title='bbox 930 1433 1046 1490; x_wconf 82' lang='lat' dir='ltr'>omnes</span> <span class='ocrx_word' id='word_1_65' title='bbox 1073 1418 1247 1488; x_wconf 87' lang='lat' dir='ltr'>duxissent</span> 
     </span>
     <span class='ocr_line' id='line_1_11' title="bbox 118 1523 1325 1626; baseline -0.003 -22"><span class='ocrx_word' id='word_1_66' title='bbox 118 1533 225 1607; x_wconf 87' lang='lat' dir='ltr'>nefas.</span> <span class='ocrx_word' id='word_1_67' title='bbox 250 1535 463 1608; x_wconf 79' lang='lat' dir='ltr'>Necessariae</span> <span class='ocrx_word' id='word_1_68' title='bbox 486 1550 600 1607; x_wconf 89' lang='lat' dir='ltr'>autem</span> <span class='ocrx_word' id='word_1_69' title='bbox 621 1559 791 1604; x_wconf 91' lang='lat' dir='ltr'>novorum</span> <span class='ocrx_word' id='word_1_70' title='bbox 809 1534 972 1605; x_wconf 86' lang='lat' dir='ltr'>festorum</span> <span class='ocrx_word' id='word_1_71' title='bbox 992 1547 1094 1626; x_wconf 79' lang='lat' dir='ltr'>atque</span> <span class='ocrx_word' id='word_1_72' title='bbox 1117 1532 1247 1601; x_wconf 87' lang='lat' dir='ltr'>officio·</span> <span class='ocrx_word' id='word_1_73' title='bbox 1321 1523 1325 1534; x_wconf 80' lang='grc'><strong>’</strong></span> 
     </span>
     <span class='ocr_line' id='line_1_12' title="bbox 117 1647 1244 1746; baseline -0.004 -26"><span class='ocrx_word' id='word_1_74' title='bbox 117 1673 194 1720; x_wconf 88' lang='lat' dir='ltr'>rum</span> <span class='ocrx_word' id='word_1_75' title='bbox 219 1650 427 1720; x_wconf 83' lang='lat' dir='ltr'>accessiones</span> <span class='ocrx_word' id='word_1_76' title='bbox 455 1651 612 1746; x_wconf 84' lang='lat' dir='ltr'>(quibus,</span> <span class='ocrx_word' id='word_1_77' title='bbox 640 1664 714 1719; x_wconf 90' lang='lat' dir='ltr'>tum</span> <span class='ocrx_word' id='word_1_78' title='bbox 742 1649 787 1718; x_wconf 89' lang='lat' dir='ltr'>ad</span> <span class='ocrx_word' id='word_1_79' title='bbox 816 1647 1035 1719; x_wconf 87' lang='lat' dir='ltr'>celebrandos</span> <span class='ocrx_word' id='word_1_80' title='bbox 1059 1662 1244 1744; x_wconf 78' lang='lat' dir='ltr'>martyrum</span> 
     </span>
     <span class='ocr_line' id='line_1_13' title="bbox 117 1762 1247 1858; baseline -0.002 -24"><span class='ocrx_word' id='word_1_81' title='bbox 117 1763 392 1835; x_wconf 70' lang='lat' dir='ltr'>confessorum-ve</span> <span class='ocrx_word' id='word_1_82' title='bbox 414 1764 626 1858; x_wconf 81' lang='lat' dir='ltr'>triumphos,</span> <span class='ocrx_word' id='word_1_83' title='bbox 653 1778 725 1834; x_wconf 92' lang='lat' dir='ltr'>tum</span> <span class='ocrx_word' id='word_1_84' title='bbox 754 1762 797 1832; x_wconf 86' lang='lat' dir='ltr'>ad</span> <span class='ocrx_word' id='word_1_85' title='bbox 821 1762 1039 1834; x_wconf 80' lang='lat' dir='ltr'>excitandum</span> <span class='ocrx_word' id='word_1_86' title='bbox 1062 1785 1126 1857; x_wconf 90' lang='lat' dir='ltr'>pro</span> <span class='ocrx_word' id='word_1_87' title='bbox 1142 1762 1247 1832; x_wconf 87' lang='lat' dir='ltr'>variis</span> 
     </span>
     <span class='ocr_line' id='line_1_14' title="bbox 116 1879 1249 1974; baseline -0.008 -24"><span class='ocrx_word' id='word_1_88' title='bbox 116 1881 327 1974; x_wconf 83' lang='lat' dir='ltr'>temporibus</span> <span class='ocrx_word' id='word_1_89' title='bbox 344 1880 532 1952; x_wconf 83' lang='lat' dir='ltr'>divinuma</span> <span class='ocrx_word' id='word_1_90' title='bbox 551 1879 688 1950; x_wconf 87' lang='lat' dir='ltr'>Christo</span> <span class='ocrx_word' id='word_1_91' title='bbox 708 1881 743 1950; x_wconf 93' lang='lat' dir='ltr'>iu</span> <span class='ocrx_word' id='word_1_92' title='bbox 763 1895 887 1953; x_wconf 83' lang='lat' dir='ltr'>terram</span> <span class='ocrx_word' id='word_1_93' title='bbox 909 1880 1095 1950; x_wconf 88' lang='lat' dir='ltr'>immissum</span> <span class='ocrx_word' id='word_1_94' title='bbox 1112 1879 1221 1972; x_wconf 85' lang='lat' dir='ltr'>ignem</span> <span class='ocrx_word' id='word_1_95' title='bbox 1233 1930 1249 1967; x_wconf 86' lang='lat'>‚.</span> 
     </span>
     <span class='ocr_line' id='line_1_15' title="bbox 115 1994 1245 2091; baseline 0 -27"><span class='ocrx_word' id='word_1_96' title='bbox 115 1999 261 2090; x_wconf 83' lang='lat' dir='ltr'>perenni</span> <span class='ocrx_word' id='word_1_97' title='bbox 287 1995 476 2091; x_wconf 86' lang='lat' dir='ltr'>splendoris</span> <span class='ocrx_word' id='word_1_98' title='bbox 509 1997 716 2066; x_wconf 79' lang='lat' dir='ltr'>incremento</span> <span class='ocrx_word' id='word_1_99' title='bbox 750 1995 886 2091; x_wconf 82' lang='lat' dir='ltr'>liturgia</span> <span class='ocrx_word' id='word_1_100' title='bbox 917 2020 1025 2089; x_wconf 85' lang='lat' dir='ltr'>usque</span> <span class='ocrx_word' id='word_1_101' title='bbox 1059 1995 1102 2064; x_wconf 86' lang='lat' dir='ltr'>ad</span> <span class='ocrx_word' id='word_1_102' title='bbox 1138 1994 1245 2064; x_wconf 86' lang='lat' dir='ltr'>finem</span> 
     </span>
     <span class='ocr_line' id='line_1_16' title="bbox 117 2111 1245 2208; baseline 0 -28"><span class='ocrx_word' id='word_1_103' title='bbox 117 2112 239 2181; x_wconf 87' lang='lat' dir='ltr'>muudi</span> <span class='ocrx_word' id='word_1_104' title='bbox 257 2111 505 2208; x_wconf 82' lang='lat' dir='ltr'>decorabitur),</span> <span class='ocrx_word' id='word_1_105' title='bbox 526 2113 561 2179; x_wconf 94' lang='lat' dir='ltr'>in</span> <span class='ocrx_word' id='word_1_106' title='bbox 582 2123 743 2206; x_wconf 88' lang='lat' dir='ltr'>promptu</span> <span class='ocrx_word' id='word_1_107' title='bbox 758 2126 832 2180; x_wconf 84' lang='lat' dir='ltr'>erat</span> <span class='ocrx_word' id='word_1_108' title='bbox 851 2125 967 2204; x_wconf 86' lang='lat' dir='ltr'>aptare</span> <span class='ocrx_word' id='word_1_109' title='bbox 986 2125 1067 2205; x_wconf 86' lang='lat' dir='ltr'>typo</span> <span class='ocrx_word' id='word_1_110' title='bbox 1087 2111 1245 2203; x_wconf 86' lang='lat' dir='ltr'>primitus</span> 
     </span>
     <span class='ocr_line' id='line_1_17' title="bbox 116 2224 1250 2323; baseline -0.004 -26"><span class='ocrx_word' id='word_1_111' title='bbox 116 2229 255 2316; x_wconf 90' lang='lat' dir='ltr'>tradito,</span> <span class='ocrx_word' id='word_1_112' title='bbox 270 2254 288 2297; x_wconf 87' lang='lat' dir='ltr'>a</span> <span class='ocrx_word' id='word_1_113' title='bbox 302 2252 370 2323; x_wconf 90' lang='lat' dir='ltr'>quo</span> <span class='ocrx_word' id='word_1_114' title='bbox 389 2229 540 2298; x_wconf 87' lang='lat' dir='ltr'>omniurn</span> <span class='ocrx_word' id='word_1_115' title='bbox 555 2227 727 2297; x_wconf 91' lang='lat' dir='ltr'>mentibus</span> <span class='ocrx_word' id='word_1_116' title='bbox 744 2225 854 2295; x_wconf 89' lang='lat' dir='ltr'>vivide</span> <span class='ocrx_word' id='word_1_117' title='bbox 872 2228 1046 2320; x_wconf 87' lang='lat' dir='ltr'>impresso,</span> <span class='ocrx_word' id='word_1_118' title='bbox 1071 2250 1114 2294; x_wconf 90' lang='lat' dir='ltr'>ne</span> <span class='ocrx_word' id='word_1_119' title='bbox 1130 2224 1250 2319; x_wconf 80' lang='lat' dir='ltr'>aliqua</span> 
     </span>
     <span class='ocr_line' id='line_1_18' title="bbox 116 2341 1242 2434; baseline -0.005 -20"><span class='ocrx_word' id='word_1_120' title='bbox 116 2344 256 2414; x_wconf 85' lang='lat' dir='ltr'>ecclesia</span> <span class='ocrx_word' id='word_1_121' title='bbox 268 2344 515 2434; x_wconf 78' lang='lat' dir='ltr'>recederet‚vin</span> <span class='ocrx_word' id='word_1_122' title='bbox 530 2359 602 2414; x_wconf 90' lang='lat' dir='ltr'>erat</span> <span class='ocrx_word' id='word_1_123' title='bbox 619 2341 925 2414; x_wconf 80' lang='lat' dir='ltr'>reformidandum.</span> <span class='ocrx_word' id='word_1_124' title='bbox 936 2345 982 2411; x_wconf 82' lang='lat' dir='ltr'>At</span> <span class='ocrx_word' id='word_1_125' title='bbox 998 2367 1078 2412; x_wconf 88' lang='lat' dir='ltr'>vere</span> <span class='ocrx_word' id='word_1_126' title='bbox 1097 2341 1242 2411; x_wconf 86' lang='lat' dir='ltr'>labenti·</span> 
     </span>
     <span class='ocr_line' id='line_1_19' title="bbox 117 2457 1246 2556; baseline -0.003 -25"><span class='ocrx_word' id='word_1_127' title='bbox 117 2461 180 2532; x_wconf 88' lang='lat' dir='ltr'>bus</span> <span class='ocrx_word' id='word_1_128' title='bbox 196 2459 340 2550; x_wconf 74' lang='lat' dir='ltr'>saeculis,</span> <span class='ocrx_word' id='word_1_129' title='bbox 359 2485 422 2556; x_wconf 88' lang='lat' dir='ltr'>pro</span> <span class='ocrx_word' id='word_1_130' title='bbox 437 2485 548 2532; x_wconf 84' lang='lat' dir='ltr'>rerum</span> <span class='ocrx_word' id='word_1_131' title='bbox 563 2461 716 2530; x_wconf 86' lang='lat' dir='ltr'>omnium</span> <span class='ocrx_word' id='word_1_132' title='bbox 731 2459 957 2530; x_wconf 86' lang='lat' dir='ltr'>humanarum</span> <span class='ocrx_word' id='word_1_133' title='bbox 974 2457 1173 2553; x_wconf 86' lang='lat' dir='ltr'>fragilitate,</span> <span class='ocrx_word' id='word_1_134' title='bbox 1188 2482 1246 2528; x_wconf 86' lang='lat' dir='ltr'>ac·</span> 
     </span>
     <span class='ocr_line' id='line_1_20' title="bbox 116 2572 1246 2670; baseline -0.003 -25"><span class='ocrx_word' id='word_1_135' title='bbox 116 2575 226 2645; x_wconf 89' lang='lat' dir='ltr'>cidere</span> <span class='ocrx_word' id='word_1_136' title='bbox 247 2574 428 2647; x_wconf 81' lang='lat' dir='ltr'>identidem</span> <span class='ocrx_word' id='word_1_137' title='bbox 445 2575 562 2646; x_wconf 89' lang='lat' dir='ltr'>debuit</span> <span class='ocrx_word' id='word_1_138' title='bbox 582 2589 622 2644; x_wconf 90' lang='lat' dir='ltr'>ut</span> <span class='ocrx_word' id='word_1_139' title='bbox 640 2590 674 2646; x_wconf 88' lang='lat' dir='ltr'>et</span> <span class='ocrx_word' id='word_1_140' title='bbox 702 2575 825 2646; x_wconf 87' lang='lat' dir='ltr'>tradita</span> <span class='ocrx_word' id='word_1_141' title='bbox 847 2573 1010 2670; x_wconf 82' lang='lat' dir='ltr'>paulatim</span> <span class='ocrx_word' id='word_1_142' title='bbox 1034 2572 1246 2670; x_wconf 83' lang='lat' dir='ltr'>negligenter</span> 
     </span>
     <span class='ocr_line' id='line_1_21' title="bbox 116 2687 1245 2779; baseline 0.002 -21"><span class='ocrx_word' id='word_1_143' title='bbox 116 2691 379 2779; x_wconf 40' lang='lat' dir='ltr'>omitterenturp</span> <span class='ocrx_word' id='word_1_144' title='bbox 395 2705 429 2758; x_wconf 92' lang='lat' dir='ltr'>et</span> <span class='ocrx_word' id='word_1_145' title='bbox 451 2713 539 2760; x_wconf 88' lang='lat' dir='ltr'>nova</span> <span class='ocrx_word' id='word_1_146' title='bbox 567 2691 639 2760; x_wconf 86' lang='lat' dir='ltr'>sine</span> <span class='ocrx_word' id='word_1_147' title='bbox 662 2689 792 2760; x_wconf 87' lang='lat' dir='ltr'>delectu</span> <span class='ocrx_word' id='word_1_148' title='bbox 820 2691 855 2758; x_wconf 92' lang='lat' dir='ltr'>in</span> <span class='ocrx_word' id='word_1_149' title='bbox 883 2687 1037 2758; x_wconf 77' lang='lat' dir='ltr'>forunulis</span> <span class='ocrx_word' id='word_1_150' title='bbox 1061 2704 1094 2759; x_wconf 89' lang='lat' dir='ltr'>et</span> <span class='ocrx_word' id='word_1_151' title='bbox 1122 2690 1245 2760; x_wconf 80' lang='lat' dir='ltr'>ritibus</span> 
     </span>
    </p>
   </div>
   <div class='ocr_carea' id='block_1_3' title="bbox 115 2804 1347 2901">
    <p class='ocr_par' dir='ltr' id='par_1_3' title="bbox 115 2804 1347 2901">
     <span class='ocr_line' id='line_1_22' title="bbox 115 2804 1347 2901; baseline 0.002 -27"><span class='ocrx_word' id='word_1_152' title='bbox 115 2830 237 2899; x_wconf 86' lang='lat' dir='ltr'>parum</span> <span class='ocrx_word' id='word_1_153' title='bbox 254 2805 425 2901; x_wconf 86' lang='lat' dir='ltr'>sapienter</span> <span class='ocrx_word' id='word_1_154' title='bbox 440 2804 693 2876; x_wconf 87' lang='lat' dir='ltr'>inducerentur.</span> <span class='ocrx_word' id='word_1_155' title='bbox 712 2806 801 2874; x_wconf 89' lang='lat' dir='ltr'>Hinc</span> <span class='ocrx_word' id='word_1_156' title='bbox 816 2831 884 2875; x_wconf 87' lang='lat' dir='ltr'>non</span> <span class='ocrx_word' id='word_1_157' title='bbox 903 2805 1087 2900; x_wconf 85' lang='lat' dir='ltr'>probandae</span> <span class='ocrx_word' id='word_1_158' title='bbox 1110 2831 1244 2901; x_wconf 87' lang='lat' dir='ltr'>semper</span> <span class='ocrx_word' id='word_1_159' title='bbox 1344 2825 1347 2829; x_wconf 80' lang='grc'><em>“</em></span> 
     </span>
    </p>
   </div>
   <div class='ocr_carea' id='block_1_4' title="bbox 111 2919 1247 3825">
    <p class='ocr_par' dir='ltr' id='par_1_4' title="bbox 111 2919 1247 3825">
     <span class='ocr_line' id='line_1_23' title="bbox 115 2919 1247 3015; baseline -0.001 -25"><span class='ocrx_word' id='word_1_160' title='bbox 115 2937 240 2991; x_wconf 83' lang='lat' dir='ltr'>exortae</span> <span class='ocrx_word' id='word_1_161' title='bbox 266 2920 482 2992; x_wconf 86' lang='lat' dir='ltr'>ecclesiarum</span> <span class='ocrx_word' id='word_1_162' title='bbox 498 2921 776 3006; x_wconf 60' lang='lat' dir='ltr'>consuetudinem</span> <span class='ocrx_word' id='word_1_163' title='bbox 795 2921 876 2990; x_wconf 90' lang='lat' dir='ltr'>hinc</span> <span class='ocrx_word' id='word_1_164' title='bbox 891 2922 932 2992; x_wconf 91' lang='lat' dir='ltr'>ad</span> <span class='ocrx_word' id='word_1_165' title='bbox 952 2921 1170 3015; x_wconf 80' lang='lat' dir='ltr'>praecavenda</span> <span class='ocrx_word' id='word_1_166' title='bbox 1186 2919 1247 2990; x_wconf 68' lang='lat' dir='ltr'>ul-n</span> 
     </span>
     <span class='ocr_line' id='line_1_24' title="bbox 115 3032 1240 3130; baseline -0.002 -24"><span class='ocrx_word' id='word_1_167' title='bbox 115 3037 241 3106; x_wconf 79' lang='lat' dir='ltr'>teriora</span> <span class='ocrx_word' id='word_1_168' title='bbox 257 3035 468 3126; x_wconf 85' lang='lat' dir='ltr'>detrimenta,</span> <span class='ocrx_word' id='word_1_169' title='bbox 480 3037 568 3108; x_wconf 87' lang='lat' dir='ltr'>sedis</span> <span class='ocrx_word' id='word_1_170' title='bbox 580 3032 782 3130; x_wconf 86' lang='lat' dir='ltr'>Apostolieee</span> <span class='ocrx_word' id='word_1_171' title='bbox 797 3051 830 3104; x_wconf 96' lang='lat' dir='ltr'>et</span> <span class='ocrx_word' id='word_1_172' title='bbox 848 3035 1069 3105; x_wconf 86' lang='lat' dir='ltr'>conciliorum</span> <span class='ocrx_word' id='word_1_173' title='bbox 1083 3037 1240 3129; x_wconf 88' lang='lat' dir='ltr'>regiona-</span> 
     </span>
     <span class='ocr_line' id='line_1_25' title="bbox 113 3147 1243 3245; baseline -0.003 -25"><span class='ocrx_word' id='word_1_174' title='bbox 113 3148 197 3220; x_wconf 90' lang='lat' dir='ltr'>lium</span> <span class='ocrx_word' id='word_1_175' title='bbox 210 3151 354 3221; x_wconf 83' lang='lat' dir='ltr'>excitata</span> <span class='ocrx_word' id='word_1_176' title='bbox 369 3150 571 3221; x_wconf 91' lang='lat' dir='ltr'>sollicitudo.</span> <span class='ocrx_word' id='word_1_177' title='bbox 591 3153 659 3219; x_wconf 91' lang='lat' dir='ltr'>Pro</span> <span class='ocrx_word' id='word_1_178' title='bbox 674 3148 733 3218; x_wconf 93' lang='lat' dir='ltr'>illo</span> <span class='ocrx_word' id='word_1_179' title='bbox 752 3175 845 3245; x_wconf 88' lang='lat' dir='ltr'>ergo,</span> <span class='ocrx_word' id='word_1_180' title='bbox 856 3175 924 3244; x_wconf 93' lang='lat' dir='ltr'>quo</span> <span class='ocrx_word' id='word_1_181' title='bbox 934 3174 1109 3245; x_wconf 92' lang='lat' dir='ltr'>nunquam</span> <span class='ocrx_word' id='word_1_182' title='bbox 1123 3147 1243 3228; x_wconf 86' lang='lat' dir='ltr'>Eccle-</span> 
     </span>
     <span class='ocr_line' id='line_1_26' title="bbox 112 3266 1240 3362; baseline -0.001 -27"><span class='ocrx_word' id='word_1_183' title='bbox 112 3267 161 3336; x_wconf 88' lang='lat' dir='ltr'>sia</span> <span class='ocrx_word' id='word_1_184' title='bbox 188 3266 398 3356; x_wconf 85' lang='lat' dir='ltr'>destituitur,</span> <span class='ocrx_word' id='word_1_185' title='bbox 421 3267 568 3361; x_wconf 87' lang='lat' dir='ltr'>Spiritus</span> <span class='ocrx_word' id='word_1_186' title='bbox 588 3267 701 3336; x_wconf 82' lang='lat' dir='ltr'>saneti-</span> <span class='ocrx_word' id='word_1_187' title='bbox 722 3266 849 3354; x_wconf 82' lang='lat' dir='ltr'>ductu,</span> <span class='ocrx_word' id='word_1_188' title='bbox 867 3281 1063 3362; x_wconf 90' lang='lat' dir='ltr'>opportuno</span> <span class='ocrx_word' id='word_1_189' title='bbox 1089 3280 1240 3359; x_wconf 87' lang='lat' dir='ltr'>tempore</span> 
     </span>
     <span class='ocr_line' id='line_1_27' title="bbox 112 3381 1237 3479; baseline -0.004 -27"><span class='ocrx_word' id='word_1_190' title='bbox 112 3381 253 3470; x_wconf 87' lang='lat' dir='ltr'>accidit,</span> <span class='ocrx_word' id='word_1_191' title='bbox 278 3397 317 3452; x_wconf 88' lang='lat' dir='ltr'>ut</span> <span class='ocrx_word' id='word_1_192' title='bbox 343 3382 385 3452; x_wconf 85' lang='lat' dir='ltr'>de</span> <span class='ocrx_word' id='word_1_193' title='bbox 410 3385 539 3452; x_wconf 88' lang='lat' dir='ltr'>unitate</span> <span class='ocrx_word' id='word_1_194' title='bbox 558 3383 709 3479; x_wconf 87' lang='lat' dir='ltr'>primurn</span> <span class='ocrx_word' id='word_1_195' title='bbox 728 3381 989 3475; x_wconf 83' lang='lat' dir='ltr'>metropolitana</span> <span class='ocrx_word' id='word_1_196' title='bbox 1015 3395 1152 3450; x_wconf 86' lang='lat' dir='ltr'>cautum</span> <span class='ocrx_word' id='word_1_197' title='bbox 1168 3382 1237 3467; x_wconf 86' lang='lat' dir='ltr'>sit;</span> 
     </span>
     <span class='ocr_line' id='line_1_28' title="bbox 113 3494 1238 3594; baseline -0.004 -28"><span class='ocrx_word' id='word_1_198' title='bbox 113 3496 193 3566; x_wconf 87' lang='lat' dir='ltr'>dein</span> <span class='ocrx_word' id='word_1_199' title='bbox 204 3497 635 3594; x_wconf 81' lang='lat' dir='ltr'>vero‚Tridentinaesynodi</span> <span class='ocrx_word' id='word_1_200' title='bbox 641 3494 1238 3591; x_wconf 80' lang='lat' dir='ltr'>jussu,generaliorisuniformitatis,</span> 
     </span>
     <span class='ocr_line' id='line_1_29' title="bbox 111 3610 1241 3708; baseline -0.004 -24"><span class='ocrx_word' id='word_1_201' title='bbox 111 3629 213 3708; x_wconf 84' lang='lat' dir='ltr'>atque</span> <span class='ocrx_word' id='word_1_202' title='bbox 233 3613 403 3685; x_wconf 87' lang='lat' dir='ltr'>tutiorum</span> <span class='ocrx_word' id='word_1_203' title='bbox 423 3615 651 3684; x_wconf 90' lang='lat' dir='ltr'>muniminum</span> <span class='ocrx_word' id='word_1_204' title='bbox 673 3613 829 3703; x_wconf 71' lang='lat' dir='ltr'>decretis„</span> <span class='ocrx_word' id='word_1_205' title='bbox 845 3612 1057 3708; x_wconf 84' lang='lat' dir='ltr'>liturgiarum</span> <span class='ocrx_word' id='word_1_206' title='bbox 1073 3610 1175 3682; x_wconf 83' lang='lat' dir='ltr'>fuerit</span> <span class='ocrx_word' id='word_1_207' title='bbox 1190 3611 1241 3680; x_wconf 89' lang='lat' dir='ltr'>in·</span> 
     </span>
     <span class='ocr_line' id='line_1_30' title="bbox 112 3713 712 3825; baseline 0.003 -27"><span class='ocrx_word' id='word_1_208' title='bbox 112 3730 263 3825; x_wconf 85' lang='lat' dir='ltr'>tegritati</span> <span class='ocrx_word' id='word_1_209' title='bbox 281 3730 489 3802; x_wconf 83' lang='lat' dir='ltr'>sanctissime</span> <span class='ocrx_word' id='word_1_210' title='bbox 509 3713 712 3800; x_wconf 88' lang='lat' dir='ltr'>consultum.</span> 
     </span>
    </p>
   </div>
   <div class='ocr_carea' id='block_1_5' title="bbox 0 0 1494 5076">
    <p class='ocr_par' dir='ltr' id='par_1_5' title="bbox 0 0 1494 5076">
     <span class='ocr_line' id='line_1_31' title="bbox 0 0 1494 5076; baseline 0 2"><span class='ocrx_word' id='word_1_211' title='bbox 0 0 1494 5076; x_wconf 95' lang='lat' dir='ltr'> </span> 
     </span>
    </p>
   </div>
  </div>
 </body>
</html>
