2982 5072
500 371 543 416 os
564 371 651 416 runs
677 370 883 417 srruncrco.
1185 349 1253 446 149

63 581 65 586 ,
130 505 236 574 Porro
253 500 309 595 jus
325 497 410 569 illud
421 521 617 592 supremum
639 523 707 567 non
722 512 818 584 esset,
829 498 856 566 si
877 512 988 592 posset
1003 498 1146 594 quisque
1168 497 1253 595 Epi-

127 641 268 712 scopus,
282 615 574 710 inrlependuutcra
588 613 666 683 sede
677 613 866 708 apostolica
880 613 1052 708 liturgiam
1062 615 1097 682 in
1108 639 1167 684 sua
1177 613 1258 682 diuc-

129 732 195 802 cesi
216 729 390 801 ordinare.
626 781 628 788 >
787 767 788 772 κ
829 759 832 770 ·
940 757 941 762 ’

178 850 344 916 Praeterca
362 845 506 942 liturgiae
516 845 688 926 ordinatio
704 861 754 915 est
767 855 862 916 actus
879 839 1143 941 jurisdictionis3
1162 845 1258 940 atqui

128 963 321 1057 jurisdictio
348 960 525 1054 cujuslibet
543 963 704 1057 Episcopi
727 977 762 1031 et
780 960 907 1056 praelati
929 962 1081 1056 subjacet
1100 966 1258 1031 Romano

131 1079 287 1149 Pontifici
298 1103 308 1165 ;
321 1078 394 1171 qui,
411 1093 529 1172 utpote
540 1079 667 1148 habens
684 1079 865 1173 primatum
877 1078 1131 1173 jurisdictionis,
1147 1079 1180 1148 id
1192 1092 1257 1168 est,

131 1195 329 1289 primariam
357 1209 391 1263 et
418 1196 625 1290 superiorem
650 1194 920 1286 jurisdictionem
953 1195 988 1262 in
1015 1209 1088 1263 toto
1114 1193 1259 1280 mundo,

132 1323 244 1406 potest
270 1309 543 1405 jurisdictionem
572 1311 728 1406 Episcopi
746 1311 781 1379 in
801 1311 906 1404 ipsius
925 1309 1056 1379 dioecesi
1075 1311 1120 1378 ita
1141 1309 1255 1378 deter-

133 1427 274 1512 minare,
305 1441 343 1494 nt
362 1426 425 1495 sihi
451 1451 525 1519 quae
547 1441 741 1522 opportuna
760 1427 830 1496 visa
845 1423 972 1496 fuerint
993 1425 1181 1496 ordinanda
1205 1449 1261 1493 re·

133 1559 253 1612 servet.
264 1546 358 1636 Ergo
368 1544 554 1638 Episcopus
566 1541 944 1636 rrounisideperulenter
960 1545 1078 1635 aPapa
1088 1541 1261 1634 liturgiam

133 1657 294 1728 ordi-nare
323 1657 357 1725 in
373 1681 434 1727 sua
458 1657 590 1728 dioecesi
614 1670 738 1753 potest.
756 1662 922 1727 Proetercu
939 1655 1087 1752 liturgia,
1110 1671 1261 1751 utsupra

136 1774 169 1844 in
188 1774 298 1868 plima
320 1789 416 1868 parte
432 1775 612 1867 probatum
635 1775 712 1862 suit,
739 1791 790 1844 est
810 1798 851 1847 ex
869 1789 989 1844 nutura
1008 1799 1067 1842 sua
1090 1773 1260 1868 expressio

134 1901 167 1960 et
183 1887 320 1982 publica
343 1888 505 1982 professio
519 1888 691 1984 religionis
705 1905 737 1959 et
753 1889 846 1958 fidei.
872 1893 979 1959 Porro
997 1913 1194 1982 supremum
1204 1888 1262 1983 jus

135 2002 320 2074 definiendi
340 2003 443 2073 fidem
466 2018 502 2073 et
523 2006 665 2074 modum
682 2004 774 2073 illurn
790 2003 972 2098 profitendi
986 2003 1028 2071 ad
1049 2007 1174 2096 Papum
1192 2003 1263 2072 sive

134 2115 261 2201 solum,
277 2119 348 2187 sive
374 2117 409 2186 in
425 2118 568 2187 concilio
586 2119 812 2208 oecumenico,
843 2119 1001 2212 pertinet.
1030 2122 1122 2210 Ergo
1152 2114 1264 2186 nullus

137 2235 326 2328 Episcopus
344 2237 469 2328 poterit
492 2236 555 2304 nisi
582 2235 812 2330 dependenter
831 2239 1018 2304 aRomano
1041 2231 1206 2301 Pontifice
1222 2231 1264 2304 de

137 2344 279 2442 liturgia
292 2348 505 2450 decernere„
619 2381 621 2384 ·
657 2405 659 2412 ,

185 2465 381 2536 Eerandem,
389 2467 418 2536 si
429 2465 771 2538 RomanusPontilex
784 2466 916 2562 plenam
924 2479 1128 2562 potestatem
1139 2463 1267 2534 *habeat

141 2581 366 2658 universalem
383 2583 567 2652 Ecclesiam
586 2583 901 2680 pascendi‚regen‹li
919 2597 1021 2678 atque
1038 2580 1264 2678 gubernandi,

137 2707 172 2768 el
190 2696 350 2791 Episcopi
378 2695 517 2767 relative
534 2698 577 2767 ud
596 2723 791 2794 supremum
812 2701 905 2770 hunc
928 2713 1093 2794 pastorem
1115 2723 1182 2765 non
1199 2697 1268 2766 sint

142 2812 206 2881 nisi
230 2835 321 2901 oues,
344 2826 437 2904 patet
455 2838 650 2908 supremum
666 2815 722 2908 jus
737 2817 770 2882 in
789 2812 1000 2908 disciplinam
1021 2837 1060 2882 ac
1079 2809 1222 2906 proinde
1231 2811 1267 2880 iu

140 2923 314 3019 liturgiam
330 2923 498 2996 adsedem
517 2927 944 3025 Apostolum-portinere.
954 2930 1034 2999 Nun
1048 2951 1131 3020 ergo
1143 2927 1270 3018 poterit

141 3040 233 3109 ullus
257 3040 441 3134 Episcopus
453 3043 507 3136 jus
527 3043 609 3113 illurl
625 3070 780 3114 exercere
799 3046 862 3112 nisi
882 3043 1099 3139 permittente
1113 3045 1269 3111 Romano

142 3157 322 3245 pontifice,
345 3182 411 3226 non
430 3176 547 3229 autem
563 3160 831 3257 independenter
848 3162 891 3230 ab
908 3185 964 3233 co.

190 3272 368 3343 Alortiori
379 3290 492 3346 autem
506 3276 777 3347 concludendum
793 3292 841 3348 est
860 3277 1003 3372 liturgiae
1023 3275 1271 3371 regulationcm

142 3391 187 3461 ad
206 3391 335 3462 clerum
354 3418 422 3461 non
440 3393 885 3488 pertinencimlependenter
899 3391 941 3462 ab
956 3391 1132 3484 Episcopis
1150 3402 1184 3457 et
1194 3387 1273 3456 sede

147 3507 356 3604 Apostolica.

595 3643 752 3713 carun
776 3645 821 3712 v.
855 3597 860 3602 ’

147 3873 280 3922 Possm
297 3873 488 3921 BxssTAClTO
509 3873 575 3920 VEL
593 3873 771 3920 unnssso
797 3871 939 3921 ROMAE!
966 3871 1163 3922 PONTlssGlS
1188 3869 1278 3920 CON-

196 3989 512 4038 suasu-muscos:
528 3991 737 4037 unounnrto
757 3989 807 4036 Ao
825 3987 997 4036 SlNGULOS
1023 3991 1060 4037 IN
1087 3991 1156 4038 SUA
1182 3991 1276 4041 ΜΕ·

196 4105 274 4154 cust
291 4105 479 4154 episcopos
499 4107 706 4154 Pcnnlnuns.

196 4308 273 4397 Qui·
290 4309 591 4403 enimsupresnum
603 4307 719 4378 :habet
740 4321 939 4404 potestatem
956 4304 1185 4403 legislativum,
1203 4327 1278 4373 eam

153 4443 277 4526 potest.
295 4425 354 4497 v'el
369 4437 481 4495 totam
497 4449 656 4494 exercerc
676 4426 928 4521 perseipsum,
948 4421 1005 4492 vel
1022 4445 1107 4491 eam·
1122 4445 1163 4489 ex
1180 4433 1281 4516 purte
