2934 5074
234 367 302 441 116
695 387 899 437 ntcrnrus
968 412 973 428 .

228 537 283 592 cet
302 519 489 593 Galliarum
506 519 657 615 regione,
676 527 856 612 usurpatus
868 539 944 584 utos
958 539 977 584 a
990 514 1219 586 sacerdotibus
1234 517 1357 606 fuerat,

232 653 268 708 ut
292 639 326 706 in
341 661 435 706 sacra
459 661 493 704 rc
515 634 706 730 peragenda
726 631 834 728 palliis
854 631 1054 726 quibusdam
1069 645 1102 700 ct
1123 631 1268 726 cingulis
1284 648 1358 704 ute-

230 765 360 822 rentur.
382 751 494 842 Quam
521 748 797 822 consuetudinem
822 749 980 842 reprobat
1011 762 1047 817 et
1083 747 1248 818 sublatam
1282 749 1358 821 vult

231 867 388 963 praefatus
411 863 589 936 Pontifex:
608 893 625 929 a
641 866 850 956 Cnperemus
865 860 1017 954 quidem,
1030 863 1155 955 inquit,
1169 861 1210 930 de
1233 879 1358 934 restra·

231 1013 249 1048 a
272 1007 347 1052 rum
366 979 580 1050 ecclesiarum
604 982 650 1048 ita
671 975 884 1046 ordinatione
902 975 1061 1071 gaudere,
1082 993 1119 1046 ut
1140 979 1358 1074 congratula-

228 1128 247 1163 «
264 1121 381 1166 remur
400 1097 513 1190 potius
532 1094 573 1162 de
588 1093 759 1188 profectu,
773 1115 876 1185 quam
894 1089 1021 1185 aliquid
1034 1091 1215 1161 admissum
1234 1110 1357 1164 contra

227 1211 478 1306 «disciplinam
501 1207 756 1278 ecclesiasticam
790 1206 1027 1277 doleremus...
1051 1207 1240 1277 Didicimus
1263 1211 1355 1278 enim

228 1327 424 1420 «quosdam
453 1325 593 1394 Domini
623 1322 814 1393 sacerdotes
844 1323 1079 1418 superstitiose
1108 1323 1222 1416 potius
1247 1323 1356 1396 cultui

229 1473 246 1508 u
261 1442 435 1526 inservire,
452 1465 553 1534 quam
573 1440 695 1509 mentis
714 1436 766 1506 vel
788 1436 866 1506 fidei
889 1438 1028 1533 puritati
1032 1489 1091 1508 .....
1107 1439 1231 1506 Amicti
1251 1435 1356 1533 pallio

228 1587 248 1622 a
263 1572 297 1627 et
325 1555 458 1626 lumbos
479 1555 663 1650 praecincti,
691 1553 868 1622 credentes
892 1578 927 1621 sc
948 1554 1132 1646 scripturae
1151 1552 1268 1643 fitlcrn,
1285 1581 1353 1624 non

229 1702 247 1736 a
266 1673 510 1766 perspiritum,
532 1670 591 1740 sed
610 1694 671 1764 per
699 1667 846 1737 litteram
873 1666 1100 1761 completuros
1103 1721 1160 1738 .....
1180 1669 1277 1737 Unde
1301 1669 1356 1738 bic

227 1817 246 1852 a
264 1787 400 1856 habitus
417 1787 451 1853 in
472 1782 621 1874 ecclesiis
641 1782 829 1878 gallicanis,
848 1795 885 1850 ut
902 1795 955 1850 tot
975 1779 1142 1850 annorum
1163 1796 1354 1852 tantorum·

229 1933 247 1967 (ι
262 1927 328 1995 que
344 1897 547 1968 Pontificum
562 1899 596 1966 in
615 1897 759 1967 alterum
779 1897 930 1966 habiturn
946 1896 1156 1966 consuetudo
1175 1897 1355 1968 vertatur?

232 2046 249 2081 «
267 2013 488 2086 Discernendi
502 2039 523 2083 a
537 2012 633 2107 plebe
647 2012 696 2082 vel
709 2013 835 2081 caeteris
847 2037 964 2082 sumus
978 2010 1143 2101 doctrina,
1163 2037 1231 2081 tlon
1249 2028 1355 2101 veste;

230 2162 250 2196 c
265 2130 530 2216 couversatione,
554 2153 621 2198 nou
650 2128 786 2216 lrnbitu;
810 2128 934 2198 mentis
957 2127 1116 2223 puritate,
1146 2153 1218 2198 non
1247 2129 1353 2199 cultu.

228 2279 245 2312 «
262 2251 350 2319 Nam
365 2246 391 2315 si
411 2244 545 2314 studere
564 2241 765 2338 incipiamus
789 2244 944 2334 novitati,
963 2228 1124 2313 traditum
1141 2245 1239 2314 nobis
1254 2269 1273 2314 a
1290 2249 1353 2314 Pa·

224 2394 242 2428 «
262 2364 370 2432 tribus
388 2361 540 2429 ordinem
562 2358 792 2430 calcabimus»
811 2359 915 2454 (Dein
942 2361 1121 2445 Constant,
1144 2358 1218 2431 loco
1237 2362 1353 2449 citata,

227 2505 305 2573 pag.
335 2475 455 2572 ιο66).

275 2591 688 2688 6¹¹'”suctum.-Sanctus
704 2595 774 2660 Leo
785 2593 930 2686 Magnus
944 2592 1046 2661 insua
1061 2617 1150 2662 nona
1165 2591 1354 2664 adDiosco·

228 2735 302 2779 rum
323 2707 532 2778 Alexandriae
549 2708 733 2778 antistitem
741 2707 895 2802 epistola,
906 2709 1090 2802 praescribit
1103 2709 1217 2779 iterari
1231 2710 1354 2780 sacrifi·

226 2828 316 2895 cium
338 2825 598 2894 eucharisticum
615 2824 648 2892 in
668 2824 708 2890 iis
734 2822 880 2892 ecclesiis
900 2847 990 2918 quae,
1017 2849 1085 2920 prce
1107 2825 1350 2896 confluentium

224 2940 373 3010 fidelium
389 2938 618 3025 multitudine,
633 2939 694 3008 toti
711 2939 918 3008 continendo
933 2929 1064 3035 populo
1084 2931 1326 3036 impares'sunt
1342 2967 1349 3008 :

226 3055 343 3124 «Illud
356 3080 491 3149 quoque
505 3052 660 3123 volumus
673 3053 834 3123 custodiri
853 3070 892 3124 ut
914 3081 990 3124 cum
1006 3054 1190 3125 solemnior
1208 3081 1350 3152 qumque

226 3170 425 3238 «festivitas
446 3183 653 3238 conventum
672 3167 789 3262 pepuli
810 3171 1051 3240 numerosioris
1069 3171 1245 3258 indixerit,
1268 3187 1301 3242 ct
1315 3197 1349 3240 ea

224 3280 407 3350 «fidelium
442 3280 626 3352 multitudo
656 3284 855 3350 convenerit
886 3307 991 3378 quam
1034 3273 1182 3379 recipere
1216 3284 1349 3354 basilica

223 3429 242 3464 c
256 3398 353 3468 sitnul
375 3423 440 3468 una
457 3423 524 3466 uon
545 3399 666 3494 possit,
684 3398 838 3467 sacrificii
857 3397 985 3468 oblatio
1001 3400 1235 3470 indubitanter
1254 3404 1349 3472 itere-

222 3531 337 3584 ntur»
356 3513 461 3607 (Edit.
485 3513 616 3608 Migne,
635 3516 715 3598 r.·1‚
739 3540 771 3607 p.
792 3511 891 3608 626).
912 3516 951 3582 In
975 3512 1096 3583 Siciliae
1117 3539 1195 3584 vero
1211 3517 1346 3610 Episco-

223 3654 295 3722 pos,
312 3629 401 3722 quod
426 3629 478 3696 die
492 3643 609 3697 sancto
627 3628 826 3722 Epiphaniae
842 3621 1009 3723 baptisma
1024 3631 1280 3716 ministrarent,
1302 3653 1348 3700 se·
1454 3645 1455 3674 t

223 3770 302 3815 vera
317 3743 578 3838 reprehensione
590 3743 830 3813 animadvertit
847 3771 855 3814 ε
877 3775 894 3810 α
909 3748 1022 3836 Quam
1037 3745 1267 3844 culpant-(ait)
1283 3743 1348 3814 nul·

221 3891 238 3922 a
254 3859 287 3928 lo
305 3858 407 3927 modo
425 3857 617 3952 potuissetis
636 3856 798 3945 incidere,
812 3857 839 3926 si
861 3857 952 3926 unde
976 3860 1265 3929 consecrationem
1288 3861 1347 3929 ho-

222 4001 240 4037 α
257 3975 348 4042 noris
363 3974 532 4067 accipitis,
562 3971 642 4041 inde
664 3970 771 4066 legem
790 3974 893 4042 totius
916 3974 1137 4044 observantiae
1152 3977 1344 4060 sumeretis3

222 4118 239 4152 ι(
255 4103 288 4157 ct
306 4088 391 4157 beati
407 4089 497 4156 Petri
513 4086 657 4182 apostoli
675 4087 780 4177 sedes,
803 4113 879 4183 quae
900 4090 995 4160 robis
1011 4089 1229 4160 sacerdotalis
1243 4106 1345 4160 mater

222 4233 238 4267 c
254 4218 304 4272 est
323 4202 515 4296 dignitatis,
539 4219 624 4273 esset
638 4203 870 4276 ecclesiasticae
887 4208 1046 4303 magistra
1068 4207 1236 4277 rationis»
1250 4203 1344 4302 (loco

222 4321 340 4404 citato,
356 4343 389 4413 p.
405 4315 503 4413 696).

274 4443 327 4532 7¹¹⁸*
338 4433 489 4529 fitcttun.
504 4475 554 4524 .····
570 4437 688 4506 Sancti·
701 4439 861 4535 Gregorii
885 4441 999 4536 Magni
1018 4439 1115 4510 varice
1146 4439 1234 4510 circa
1252 4434 1343 4506 litur-
