3004 5070
501 331 548 374 os
571 329 658 378 usus
683 329 889 378 manassen.
1186 309 1260 407 275

132 483 174 526 ne
191 458 432 553 imprimantur
443 459 609 530 breviaria
621 474 681 528 aut
696 459 841 528 missalia
860 458 922 526 nisi
933 457 1107 548 Romanis,
1122 485 1141 528 a
1157 461 1270 531 dictis

131 573 352 642 Pontificibus
373 573 544 658 conectis,
564 573 763 661 cotnfoimia,
783 589 912 642 etcum
926 575 1144 644 attestatione
1162 576 1257 644 ordi·

129 689 215 756 narii
236 687 419 782 perfectam
439 685 529 756 illam
549 687 821 757 conformitatem
840 685 1042 756 declarante.
1057 691 1154 758 Anno
1175 715 1274 786 crgo

135 801 223 872 1832
240 800 491 895 expostulatum
512 801 578 870 fnit
597 817 713 888 utrum
728 801 929 870 cumane
949 804 1085 870 servari
1103 801 1257 874 debeant

129 919 308 986 recensitoe
321 918 600 1007 constitutiones,
619 933 656 987 et
670 941 721 986 un
734 933 1008 1012 transgressores
1019 941 1151 1012 poenas
1168 919 1260 990 inibi

131 1031 289 1120 inflictos
302 1033 495 1100 incurrant.
512 1035 558 1099 Et
569 1056 663 1100 sacra
677 1033 805 1100 rituum
818 1031 1046 1124 Congregatio
1060 1033 1255 1124 respondits

131 1147 239 1216 Ponti
265 1149 341 1215 crits
371 1147 635 1216 constitutiones
665 1149 703 1214 in
729 1171 793 1215 suo
816 1143 944 1215 robore
967 1168 1191 1240 permonere,
1222 1165 1257 1218 ct

130 1258 281 1328 obrisum
297 1283 368 1328 non
389 1283 468 1328 esse
486 1259 708 1330 tolerandum
723 1259 937 1355 (Gardellioi,
957 1274 981 1329 t.
998 1261 1090 1347 Vnt,
1102 1285 1138 1354 p.
1161 1260 1272 1357 177).·

130 1377 232 1468 Eupo,
248 1371 439 1441 declarante
451 1397 543 1442 sacra
563 1376 850 1468 Congregatione,
862 1373 1072 1443 consuetudo
1085 1377 1256 1446 contraria
1277 1407 1278 1410 ¹

132 1487 211 1582 plns
226 1511 327 1580 quam
341 1487 611 1582 quadragenaria
623 1513 694 1556 non
709 1488 939 1582 impediverat,
951 1489 1034 1581 quin
1048 1489 1145 1560 dictae
1156 1491 1255 1560 bulla

135 1609 174 1670 in
199 1627 263 1670 sno
288 1599 407 1670 robore
425 1601 738 1695 permansissentr
762 1616 795 1669 et
817 1599 873 1670 illa
896 1603 1106 1671 consuetudo
1133 1603 1257 1672 nedum

136 1716 287 1810 legitime
304 1717 569 1810 praescripsisset,
588 1717 779 1786 declaratur
793 1715 940 1788 abusus.
959 1718 1124 1810 Legitime
1146 1733 1263 1808 autern

131 1833 393 1931 ,praescripsisset
407 1815 465 1900 illa
477 1833 701 1922 consuetudo,
712 1835 739 1902 si
753 1833 876 1902 tacitus
891 1847 927 1900 et
939 1830 1088 1925 legitime
1103 1857 1261 1928 praesum·

135 1971 214 2050 ptus
230 1959 326 2048 Papae
337 1979 523 2024 consensus
533 1955 709 2023 accessisse
725 1951 910 2024 censendus
923 1954 1024 2023 foret.
1042 1957 1135 2048 Ergo
1146 1957 1262 2046 hujus·

133 2067 227 2138 modi
248 2093 431 2140 consensus
452 2069 647 2164 pontificius
673 2093 741 2136 non
767 2067 867 2137 debet
890 2091 952 2136 neu
975 2081 1087 2161 potest
1112 2067 1260 2162 legitime

134 2187 307 2281 praesumi,
323 2181 436 2278 quoad
453 2184 534 2253 tales
547 2183 809 2254 consuetudines
829 2182 928 2251 ‹lictis
943 2181 1043 2250 bullis
1058 2186 1255 2268 contrarias.

185 2302 250 2368 Die
269 2298 317 2368 26
335 2299 452 2393 aprilis
473 2299 554 2368 anni
578 2297 684 2384 1834,
707 2300 794 2367 circa
813 2295 964 2366 eamdem
983 2299 1203 2392 quaestionem
1223 2303 1276 2368 Si-

139 2417 365 2510 Congregatio
389 2415 439 2482 sic
459 2414 606 2483 decrevit
626 2441 634 2483 :
651 2420 767 2484 Detur
782 2411 955 2482 decretum
973 2412 1261 2511 generulejustu

137 2546 302 2600 mentem.
324 2534 428 2600 Mens
445 2547 515 2619 est,
536 2546 574 2600 ut
592 2527 765 2600 ominun'i
779 2527 931 2598 locorum
944 2553 1015 2622 pro
1033 2553 1098 2597 suo
1118 2553 1263 2612 munere

136 2643 329 2741 isturgilent,
348 2661 385 2714 nt
399 2644 512 2714 slenno
531 2669 602 2714 non
616 2640 997 2738 cculontnrsuprodicti
1007 2641 1161 2741 liturgici
1171 2644 1261 2734 libn‘,

136 2762 213 2828 sine
228 2764 455 2831 attestatione
471 2785 494 2828 o
505 2761 702 2858 pontficiis
719 2753 1025 2827 constitutionibus
1035 2761 1260 2854 premorque.

137 2877 242 2968 Ergo,
262 2875 385 2944 nedum
400 2877 462 2945 sub
476 2891 639 2972 praetextu
652 2873 907 2944 consuetudinis
924 2873 1102 2940 contrariae
1114 2875 1274 2967 legitime¹

137 2992 355 3084 praescriptae,
380 2994 509 3085 possint
529 2990 701 3061 Ordinarii
717 2989 977 3057 constitutiones
1001 2991 1035 3056 S.
1056 2989 1107 3054 Pii
1122 2991 1164 3074 V,
1187 2988 1263 3057 Cle·

137 3106 259 3174 mentis
274 3107 356 3175 Vttl
372 3122 405 3174 et
420 3107 551 3176 Urbani
565 3107 646 3176 Vlll
662 3103 864 3198 transgredi,
882 3116 1041 3170 tenentur
1059 3128 1078 3170 e
1096 3118 1215 3172 contra
1229 3106 1264 3173 vi

137 3221 286 3290 muneris
296 3224 347 3292 sui
357 3223 391 3290 in
405 3223 615 3309 dioeccsibnS,
625 3245 708 3315 quas
722 3221 793 3288 istae
802 3218 1061 3290 constitutiones
1071 3220 1259 3312 attingunt,

138 3337 187 3429 (in
203 3337 326 3428 quihus
341 3359 462 3432 nempe
483 3351 561 3406 ante
577 3339 674 3408 Pium
687 3340 720 3407 V
733 3359 802 3403 non
822 3333 955 3428 vigebat
971 3331 1106 3426 liturgia
1128 3335 1265 3428 propria

138 3449 292 3518 ducentis
316 3453 413 3520 annis
443 3452 653 3547 antiquior),
687 3449 870 3518 efficaciter
896 3447 1061 3542 impedire
1084 3471 1126 3514 ne
1150 3448 1266 3542 impri-

137 3579 275 3632 mantur
289 3565 456 3634 breviaria
484 3579 542 3635 ant
561 3565 724 3654 missalia,
743 3588 818 3660 qnae
847 3562 1043 3657 praescripto
1069 3563 1265 3635 earunnlem

137 3679 309 3750 bullarum
334 3707 404 3752 non
430 3683 645 3752 satisfaciant.
669 3687 713 3753 Et
735 3683 800 3750 hoc
822 3679 1017 3748 decernitur-
1038 3701 1106 3746 non
1131 3693 1267 3748 tantum>

139 3795 252 3889 quoad
270 3797 368 3866 talem
386 3798 558 3868 ecclesiam
580 3798 837 3895 particularem,
860 3797 918 3865 sed
937 3794 1074 3863 decreto
1090 3794 1263 3891 generali.

188 3913 254 3980 Die
271 3913 313 3982 1ss
331 3915 490 3984 februarii
511 3915 601 4001 1843
616 3917 756 4010 petitum
774 3927 825 3983 est
841 3934 849 3980 t
868 3918 928 3981 Au
943 3911 1049 3980 licent
1067 3912 1121 3982 uti
1138 3910 1272 3982 breuia*

140 4027 216 4115 n'is,
238 4028 459 4119 missalibus,
473 4029 638 4126 ‘ulr'isque
661 4029 770 4126 hujus
783 4028 923 4126 generis
940 4027 1055 4096 sacris
1071 4024 1182 4112 libris,
1206 4028 1274 4124 qui

138 4167 210 4210 raon
222 4168 299 4237 pree
317 4169 355 4211 se
368 4143 496 4238 serunt
511 4145 700 4244 requisitos
713 4171 737 4213 o
746 4143 945 4239 pontificiis
963 4140 1270 4212 constitutionibus

145 4254 413 4332 Ordinnrsorum
426 4264 679 4347 attestationes,
692 4258 841 4356 perinde
855 4283 901 4328 oc
911 4259 1022 4352 siper
1027 4255 1267 4352 presumptio-

139 4395 222 4442 nem
246 4375 285 4443 in
308 4377 520 4446 contrarium
544 4393 747 4448 rnenrorutae
769 4375 1034 4451 constitutiones
1055 4372 1193 4444 censeri
1211 4369 1278 4440 clu·

1041 4484 1094 4556 18.
