2978 5076
247 365 318 438 236
704 389 910 438 rnscrsrns

247 517 349 588 licani
369 517 558 610 systematis
576 515 736 612 impulsu,
764 515 870 586 nrulta
893 517 928 584 in
953 539 993 585 ea
1017 516 1156 610 regione
1173 514 1311 584 merant
1333 517 1369 584 in

247 647 475 701 transversum
493 646 595 702 acta:
617 655 727 726 neque
746 646 890 728 possunt
908 645 1069 725 praeterca
1086 627 1236 723 plerique
1249 655 1370 700 eorum

248 747 336 814 inter
363 745 461 814 bonae
488 759 577 814 noue
606 747 788 840 scriptores
807 747 972 815 recenseri
997 769 1005 812 :
1030 758 1065 812 et
1084 743 1219 813 tandein
1251 769 1370 813 eorum

248 860 456 930 ratiunculas
474 859 697 956 pervolventi,
728 861 824 930 facile
850 861 979 955 patebit
1001 861 1094 960 omni
1120 883 1176 930 eas
1199 859 1373 931 ¹soliditate

250 999 375 1045 carere.
410 975 461 1046 Sit
500 976 536 1043 in
569 974 760 1071 exemplum
793 975 1013 1045 continuator
1037 971 1219 1068 Tournely,
1249 973 1284 1042 id
1312 991 1374 1064 est,

250 1088 384 1162 Collet:
404 1119 421 1154 a
443 1091 479 1159 Si
497 1090 585 1162 forte
603 1090 781 1185 objeceris,
797 1091 919 1184 inquit,
942 1091 1039 1160 Pium
1059 1093 1090 1160 V
1109 1090 1145 1157 in
1161 1087 1254 1158 bulla
1270 1091 1373 1159 citata

250 1207 481 1300 «praecipere,
503 1221 543 1276 ut
569 1206 591 1274 ii
621 1229 738 1275 omnes
764 1211 926 1292 Romano
939 1203 1107 1273 breviario
1134 1218 1285 1287 utantur,
1315 1207 1375 1298 qui

204 1331 208 1338 '
248 1322 463 1415 «proprium
482 1345 553 1390 non
579 1320 751 1390 habebant
773 1321 926 1390 ducentis
953 1333 1033 1388 ante
1059 1319 1131 1413 ejus
1160 1321 1375 1388 constitutio·

250 1466 267 1502 a
286 1463 364 1506 nem
380 1439 493 1526 annis,
510 1439 642 1533 reponit
660 1453 780 1507 auctor
799 1436 1016 1507 collationum
1031 1435 1182 1506 tlioecesis
1196 1436 1376 1532 Rupellen·

250 1583 268 1620 a
284 1554 343 1642 sis,
367 1557 403 1624 1⁰
418 1556 505 1624 hanc
519 1554 700 1649 pontificiae
713 1554 795 1648 legis
810 1568 939 1648 partem
962 1553 996 1620 in
1015 1577 1073 1622 eos
1091 1567 1223 1622 tantum
1239 1553 1373 1641 cadere,

251 1697 268 1731 a
287 1669 345 1762 qui
362 1667 499 1764 dejure
515 1669 579 1739 uel
592 1667 844 1740 comuetudv‘ne
858 1668 902 1738 ad
916 1668 1021 1738 officii
1040 1668 1186 1737 Rotnani
1205 1669 1376 1738 recitatio-

251 1811 268 1846 «
285 1805 364 1851 nem
394 1783 607 1868 tenebantur,
634 1787 760 1853 nonin
788 1784 885 1854 alios.
912 1782 952 1853 2⁰
976 1782 1264 1853 Constitutionem
1285 1781 1376 1852 lranc

252 1921 467 1991 «nunquam
495 1899 530 1966 in
562 1897 678 1970 Galliis
706 1915 876 1994 receptant
903 1899 1006 1969 fuisse
1036 1913 1097 1968 aut
1126 1897 1376 1995 promulgatam

252 2041 270 2077 a
289 2036 367 2082 curn
386 2013 426 2082 iis
445 2012 706 2086 formalitatibus
728 2041 805 2110 quas
823 2015 1019 2086 necessaris
1038 2028 1119 2082 sunt
1137 2027 1175 2084 ut
1194 2013 1377 2107 pontificiae

254 2155 272 2192 a
290 2123 478 2196 decisiones
496 2127 564 2198 virn
578 2128 660 2225 legis
674 2130 839 2200 habeant.
861 2129 901 2200 3⁰
921 2129 1010 2199 Adtli
1025 2141 1147 2223 posset,
1166 2129 1377 2221 privatorum

253 2271 270 2306 s
290 2265 417 2312 numus
433 2267 503 2312 non
520 2269 591 2313 esse
609 2259 646 2313 ut
661 2245 846 2317 discutiant
859 2271 903 2314 an
920 2245 1077 2339 Episcopi
1100 2266 1187 2311 nova
1203 2243 1379 2336 potuerint

253 2383 270 2419 ι
289 2356 449 2426 invehere
462 2357 765 2454 breviariasttorn.
777 2363 807 2443 1,
819 2384 893 2454 pag.
906 2359 994 2448 628,
1013 2358 1093 2427 edit.
1111 2359 1233 2426 Venet.
1254 2357 1376 2452 1746).

254 2473 421 2544 Advertat
438 2473 544 2544 lector
560 2499 662 2569 quam
685 2475 779 2546 nulla
796 2478 841 2546 sit
855 2478 966 2572 prima
981 2478 1068 2545 ratio
1086 2475 1273 2570 :supponit
1289 2476 1379 2543 eninr

254 2601 408 2682 tempore
426 2593 461 2658 S.
484 2591 534 2658 Pii
551 2594 583 2660 V
599 2615 716 2660 omnes
744 2590 865 2660 latinas
885 2590 1040 2660 ecclesias
1067 2589 1233 2684 (exceptis
1251 2589 1381 2658 Medio·

256 2700 385 2771 lunensi
406 2718 441 2772 et
455 2704 660 2774 Mozarabici
683 2706 770 2774 ritus
790 2704 941 2802 capellis)
964 2729 1035 2774 non
1054 2706 1156 2773 fuisse
1178 2703 1294 2773 officio
1314 2707 1381 2773 llo·

257 2841 360 2886 mano
376 2816 582 2914 (1)deJiere
602 2819 666 2890 vel
686 2819 937 2892 consuetudine
962 2821 1150 2892 adstrictas.
1172 2823 1282 2890 Porro
1301 2843 1383 2888 con-

258 2933 400 3002 tranum
409 2957 527 3003 verum
543 2949 607 3023 est,
627 2935 765 3005 utinlra
784 2963 825 3006 ex
845 2937 995 3032 professo
1006 2936 1201 3030 probamus.
1214 2937 1381 3006 Praeterea

257 3051 285 3119 si
305 3049 396 3120 bulla
412 3053 518 3121 Plana
537 3078 606 3122 non
632 3055 795 3148 attigisset
814 3054 1010 3126 Occidentis
1034 3053 1189 3124 ecclesias
1209 3077 1285 3147 qnae
1303 3051 1382 3122 offi-

256 3165 347 3232 cium
366 3165 537 3235 habebant
560 3166 774 3263 aliquatenus
798 3170 967 3239 diversum
988 3171 1031 3239 ab
1053 3195 1094 3238 eo
1114 3182 1287 3263 quotane
1310 3183 1384 3238 ute-

257 3278 361 3348 batur
375 3279 525 3350 Ecclesia
544 3287 711 3372 Romana,
732 3284 863 3354 inutilis
882 3301 917 3354 et
933 3284 1073 3355 ridicula
1094 3285 1212 3353 suisset
1225 3283 1283 3352 illa
1299 3309 1383 3352 con-

257 3395 402 3466 stitutio.
429 3396 549 3468 Nullas
573 3400 664 3468 enim
683 3400 865 3496 obligasset
882 3400 1048 3485 ccclesias,
1074 3425 1153 3470 cum
1179 3398 1282 3468 nullae
1301 3413 1383 3470 tunc

259 3526 371 3580 essent
388 3535 464 3605 quae
497 3537 567 3582 non
590 3515 754 3586 baberent
780 3517 953 3613 liturgiam
979 3517 1192 3612 aliquatenus
1216 3515 1384 3585 diversam

259 3623 303 3692 ab
320 3649 359 3693 ea
378 3649 453 3718 quae
467 3631 583 3698 Romae
596 3631 745 3724 vigebat.
765 3636 840 3701 Into
859 3637 895 3702 in
910 3634 982 3727 ipsa
998 3633 1095 3702 Urbe
1113 3635 1222 3701 Roma
1236 3631 1339 3700 variae
1351 3633 1385 3699 in

260 3741 361 3811 variis
383 3741 531 3814 ecclesiis
548 3761 647 3816 erasit
663 3747 827 3818 formulae.
853 3753 924 3820 Nec
951 3745 1015 3817 alia
1035 3747 1077 3816 de
1095 3769 1196 3816 causa
1223 3769 1327 3839 quam
1344 3743 1386 3814 ad

260 3853 427 3924 tollendas
451 3857 646 3952 hujusmodi
667 3863 845 3932 varietates
868 3887 994 3932 novum
1018 3861 1223 3931 breviarium
1244 3875 1281 3929 et
1303 3860 1388 3928 mis-

262 3967 331 4036 sale
362 3968 558 4042 edieebatur
583 3991 618 4046 et
647 3977 919 4073 precipiebatur.
946 3975 1102 4046 &unda
1129 3977 1230 4065 ratio,
1258 3972 1386 4044 bullam

300 4147 340 4220 (l)
354 4153 474 4206 ΒθΜΙτ
497 4161 558 4209 lunc
576 4161 700 4232 temporis
715 4161 871 4216 vocabuntur
893 4178 982 4215 omnes
997 4157 1139 4233 generatim
1158 4153 1269 4226 liturgiae
1291 4153 1386 4220 latine,

263 4236 325 4292 ticet
336 4237 447 4293 multum
460 4241 527 4297 inter
540 4263 567 4299 se
579 4245 694 4315 divam,
708 4251 768 4324 quia
782 4249 901 4305 Romano
915 4250 989 4304 initio
1001 4250 1111 4315 fueram,
1125 4256 1151 4302 et
1163 4247 1246 4321 qnam
1261 4249 1388 4322 praecipua

264 4335 452 4394 mut
473 4337 500 4384 ‘l
512 4332 549 4386 sie
562 4336 719 4392 vossbantor
739 4357 787 4412 per
799 4339 986 4412 opposiuontnr
999 4337 1032 4393 sti
1049 4337 1168 4410 liturgias
1188 4338 1334 4406 orienules,
1356 4337 1389 4392 ad

265 4413 481 4474 &ohannen
492 4428 518 4475 et
529 4421 724 4484 luentem.
