3018 5070
245 371 294 444 60
707 391 916 440 macrnros

247 523 450 618 Basnagium
469 521 615 592 sustinet
641 521 894 591 sacramentarii
918 516 1090 588 Gelasiaui
1116 519 1375 612 antiquitatem,

249 641 376 710 fatetur
393 637 502 708 multa
514 653 593 732 post
613 637 788 707 Gelasium
802 636 906 704 fuisse
920 633 1037 705 addita
1054 648 1160 729 atquc
1180 635 1375 704 introducta

247 752 361 848 (proef.
381 755 417 822 in
436 770 520 822 tom.
534 758 736 849 Vloperum
753 751 949 837 Thomasii,
968 775 1001 844 p.
1019 750 1122 845 xxrr).
1134 753 1179 818 Et
1190 763 1270 818 ante
1281 753 1376 818 Vez—

248 870 380 938 zozium
392 869 595 938 Thomasius
607 870 680 962 ipsc
690 867 822 935 dixerat
835 865 886 961 (in
901 865 1032 960 praefat.
1048 864 1104 934 ad.
1117 863 1258 932 Codices
1269 888 1372 950 sacr„

248 1009 284 1079 p.
305 984 357 1077 vr)
374 986 492 1053 :Huic
512 981 631 1054 codici
647 979 818 1052 nonnulla
843 1006 922 1050 esse
945 975 1114 1077 appositu
1129 983 1291 1077 sequenti
1308 1004 1375 1048 sse-

250 1092 1377 1195 culo...Hujusmodisaemslibms'nonadmeramemditionem

250 1213 442 1303 conscribi,
472 1213 539 1283 sed
562 1212 615 1282 ad
637 1209 741 1283 usum
760 1215 988 1309 potissimum
1015 1211 1264 1295 ecclesianun;
1295 1208 1377 1280 inde

249 1353 360 1398 novus
370 1354 512 1424 semper
521 1323 745 1398 accessiones
751 1330 837 1422 pati
854 1343 1005 1423 oportet,
1016 1343 1126 1423 pmzu
1140 1332 1218 1422 ipsu
1237 1349 1379 1418 consue·

251 1443 384 1514 triduis
401 1447 636 1540 temporisque
648 1446 741 1513 ratio
758 1443 889 1513 ueletit.

301 1561 513 1631 Responsio.
523 1599 572 1612 -
588 1559 625 1628 1⁰
641 1551 896 1628 Additiones'et
916 1557 1124 1626 mutationes
1148 1556 1328 1650 de‘quibus
1342 1555 1378 1623 in

252 1674 467 1766 objectione,
488 1673 574 1742 nilsil
592 1672 858 1743 introducebant
885 1673 978 1767 quod
999 1672 1150 1768 dogmati
1177 1673 1212 1739 in
1232 1671 1379 1764 liturgiis

249 1788 321 1880 jam
342 1801 504 1856 contento
518 1787 777 1876 adversaretur;
797 1813 861 1856 nec
875 1785 1038 1856 habendae
1057 1801 1138 1855 sunt
1150 1801 1310 1878 tanquam
1329 1786 1379 1852 in·

253 1902 515 1997 terpolationes,
531 1903 589 1972 sed
607 1918 770 2000 tanquam
781 1905 1030 1998 pretiosissimae
1040 1903 1244 1972 accessiones
1256 1914 1291 1969 ct
1305 1923 1381 1969 evo·

256 2014 413 2087 lutioues.
442 2021 489 2087 Ea
507 2020 637 2115 quippe
654 2032 706 2087 est
723 2017 870 2113 liturgia
888 2033 1032 2105 natura,
1052 2031 1093 2086 ut
1112 2017 1381 2110 debcat'semper

253 2130 328 2201 aliis
346 2147 449 2228 atque
475 2133 549 2204 aliis
571 2150 768 2204 sanctorum
800 2149 834 2202 et
861 2133 1114 2203 solemnitatum
1140 2131 1380 2201 festivitatibus

252 2248 369 2340 augeri
386 2263 488 2342 atque
507 2248 622 2320 ditari.
639 2248 711 2319 lttae
732 2241 1068 2320 autem'accessiones
1083 2247 1222 2316 minime
1234 2271 1312 2316 cum
1326 2245 1380 2315 in·

253 2361 537 2457 terpolationibus
547 2380 627 2434 suut
643 2364 892 2434 confundendae
904 2392 913 2432 ε
926 2363 1144 2458 interpolatio
1156 2353 1246 2430 enim
1256 2346 1381 2431 dicitur

254 2488 366 2546 textus
398 2475 608 2566 falsificatio,
637 2494 672 2547 et
696 2477 954 2573 interpolationi
979 2480 1158 2574 proprium
1184 2491 1293 2545 estut
1320 2475 1381 2544 fiat

254 2591 352 2681 quasi
370 2589 489 2659 furtim
506 2606 541 2660 et
554 2593 682 2686 absque
695 2593 899 2662 auctoritate
917 2593 1062 2688 publica.
1078 2591 1247 2660 Praedicta.
1267 2604 1380 2659 autem

254 2699 461 2775 accessiones
489 2707 559 2776 sive
577 2708 677 2777 etiam
707 2709 958 2778 immutationes
976 2708 1103 2776 fiebant
1121 2705 1256 2802 publica
1274 2703 1381 2774 eccle·

254 2819 380 2890 siarum
414 2823 628 2892 auctoritate.
665 2822 860 2893 Absurdum
901 2847 983 2916 ergo
1018 2838 1070 2892 est
1100 2845 1155 2890 eas
1181 2845 1245 2915 pro
1276 2823 1380 2889 inter·

254 2934 486 3029 polationibus
512 2938 651 3006 habere.
681 2942 726 3007 Et
754 2953 846 3008 certe
874 2937 1013 3031 quando
1039 2938 1248 3006 Justinianus
1270 2934 1379 3029 legem

255 3050 405 3145 aliquam
426 3077 489 3122 suo
505 3052 613 3122 codici
628 3052 792 3142 addebat,
812 3077 882 3122 non
896 3077 975 3122 cum
989 3049 1235 3145 interpolabat,
1257 3048 1316 3118 sed
1331 3048 1380 3117 di·

255 3163 359 3233 tabat.
380 3166 473 3234 ldetn
498 3166 652 3261 profecto
667 3165 847 3234 dicendum
868 3165 1005 3259 quando
1021 3166 1057 3234 in
1077 3165 1146 3234 suis
1168 3162 1313 3258 liturgiis
1325 3183 1380 3230 cc·

255 3277 363 3348 clesiae
377 3271 654 3374 aliq'uid'addunt
672 3293 733 3350 aut
748 3281 850 3349 etiam
869 3282 1061 3350 immutant.
1074 3329 1077 3334 -

305 3395 345 3463 2⁰
361 3396 532 3466 Praedictae
546 3397 751 3466 accessiones
771 3411 804 3465 et
826 3397 1078 3466 immutationes
1095 3392 1288 3464 nullatenus
1304 3391 1381 3463 olfi-

255 3512 351 3582 ciunt
367 3510 582 3606 liturgiarum
612 3513 807 3582 auctoritati
833 3513 867 3580 in
895 3511 1073 3607 probando
1093 3511 1260 3605 dogmate.
1289 3513 1383 3579 Dum

257 3627 349 3692 euim
368 3624 513 3694 ecclesiae
540 3651 644 3696 novas
670 3627 706 3694 in
725 3651 821 3696 suam
839 3625 1011 3721 liturgiam
1039 3623 1203 3694 formulas
1222 3623 1385 3693 introdu-

257 3753 355 3825 cunt,
375 3763 431 3807 eas
452 3739 518 3808 hoc
539 3741 611 3834 ipso
624 3741 794 3835 probant,
812 3756 846 3810 et
864 3765 925 3836 per
947 3767 1003 3811 eas
1022 3767 1118 3811 suam
1142 3741 1242 3810 lidem
1271 3753 1305 3808 et
1326 3737 1385 3808 do·

257 3854 400 3923 ctrinam
428 3855 623 3947 exprimunt
641 3870 675 3924 et
695 3855 913 3950 profitentur.
943 3857 1046 3926 Unde
1063 3855 1159 3926 nihili
1177 3855 1281 3924 refert
1300 3854 1385 3924 scire

257 3981 372 4038 utrum
402 3966 530 4062 aliquid
554 3972 589 4038 in
621 3963 795 4065 primitivo
825 3972 968 4065 alicujus
992 3971 1138 4067 liturgia
1163 3971 1280 4041 codice
1304 3971 1385 4038 scri·

256 4099 354 4179 ptum
371 4084 487 4175 fuerit,
507 4111 551 4155 an
566 4111 648 4156 vero
671 4104 787 4182 postea
806 4089 952 4158 decursu
971 4102 1165 4182 temporum
1181 4084 1385 4154 accesserit:

258 4200 372 4270 statim
392 4225 431 4270 ac
452 4217 586 4273 constat
606 4201 689 4272 tales
708 4205 794 4272 ritus
812 4219 846 4273 ct
868 4227 985 4297 preces
1003 4201 1095 4298 apud
1117 4201 1265 4295 aliquam
1279 4197 1386 4268 ecclc-

257 4317 342 4386 siam
372 4317 406 4385 in
437 4343 501 4388 usu
521 4318 641 4407 luisse,
660 4319 762 4388 fidem
784 4333 817 4388 et
838 4319 1031 4389 doctrinam
1052 4318 1154 4411 hujus
1173 4314 1320 4384 ecclesiae
1336 4328 1387 4383 te·
1499 4329 1500 4332 ’

259 4447 411 4523 stantur3
431 4449 465 4503 et
480 4435 526 4504 ibi
544 4451 654 4505 totum
668 4433 859 4504 estanoris
877 4435 1058 4530 dogmatici
1081 4431 1297 4528 liturgiarum
1310 4429 1387 4501 luu-
