3018 5070
214 355 237 438 l
673 372 880 422 rnxcrxrus

212 532 246 575 v.
267 503 335 598 16).
354 506 498 572 Τοιοῦτον
512 504 622 606 ἔχομεν
639 503 797 597 ἀρχιερέα,
811 508 843 581 t<
858 502 993 572 ἐκάθισεν
1013 509 1043 573 ἐν
1060 498 1146 597 δεξιᾷ
1160 518 1213 576 τοῦ
1232 509 1340 603 θρόνου

213 634 268 702 τῆς
285 620 500 716 μεγαλωσύνης
516 620 545 686 ἐν
564 624 628 695 τοῖς
648 621 779 712 οὐρανοῖς
796 626 879 686 :mis
898 618 994 713 ἁγίων
1009 623 1182 717 λειτουργὸς
1193 673 1202 710 ,
1213 623 1266 690 καὶ
1280 634 1336 703 τῆς

212 749 325 816 σκηνῆς
339 745 394 812 τῆς
405 734 560 818 ἀληθινῆς,
579 731 616 806 ἢν
628 726 736 810 ἔπηξεν
750 737 766 798 ὁ
778 734 890 827 Κύριος
903 733 954 800 καὶ
970 739 1023 802 οὐκ
1036 732 1201 832 ἅνθρωπος.
1217 738 1340 808 Talem
1407 727 1410 734 ⁴

211 849 385 922 habemas
391 847 597 944 pontificem
608 845 674 942 qui
680 843 837 917 consedit
849 848 887 916 in
896 845 1044 918 dextera
1057 849 1340 949 sedismagnita·

211 965 305 1037 dinis
321 966 359 1034 in
378 960 500 1032 coelis:
525 973 731 1029 sanctorum
750 959 898 1060 litargas
916 961 1123 1059 (minister),
1137 981 1171 1035 et
1181 965 1341 1038 taberna-

208 1080 285 1152 oali
295 1080 375 1150 veri
387 1072 583 1174 qaodfisit
600 1079 701 1142 Deus
718 1090 754 1143 et
776 1099 847 1144 non
867 1075 973 1146 ltomo
992 1077 1049 1166 (ad
1068 1078 1189 1168 Hebe,
1202 1106 1278 1176 cap.
1295 1082 1340 1170 8,

210 1223 242 1266 v.
261 1221 271 1265 r
289 1211 323 1276 et
337 1191 386 1288 ο).
399 1192 479 1262 Νυνὶ
492 1185 528 1259 δὲ
540 1183 761 1285 διαφορωτέρας
778 1194 906 1288 τέτευχε
924 1199 1150 1290 λειτουργίας...
1161 1199 1267 1266 Nune
1277 1221 1340 1266 aa·

210 1325 278 1380 tem
292 1305 572 1388 excellentiorem
581 1305 727 1373 sortitas
735 1321 788 1374 est
797 1305 989 1402 liturgiam,
998 1324 1133 1405 quanto
1142 1324 1175 1379 et
1183 1311 1340 1382 melioris

209 1441 263 1496 est
294 1421 498 1494 testamenti
512 1416 686 1487 mediator
701 1419 814 1512 (ibid,
844 1447 877 1490 v.
900 1420 951 1512 6).
969 1425 1034 1501 Τὴν
1060 1431 1173 1502 σκηνὴν
1203 1421 1256 1513 δὲ,
1286 1430 1338 1496 καὶ

209 1541 312 1610 πάντα
330 1537 372 1606 τὰ
385 1539 472 1610 σκεύη
489 1545 544 1612 τῆς
561 1537 751 1630 λειτουργίας
766 1546 811 1624 τῷ
825 1538 937 1630 αἵματι
952 1538 1064 1630 ὁμοίως
1084 1541 1251 1633 ἐρροίντισε.
1269 1545 1339 1611 Τα.

208 1649 435 1724 bernaealam
443 1663 564 1717 aatem
574 1663 608 1716 et
618 1649 741 1718 omm'a
752 1672 846 1718 vasa
861 1649 1011 1747 litargico
1025 1650 1245 1747 (ministerii)
1256 1679 1339 1724 san-

205 1769 315 1868 gaiae
325 1763 490 1835 similiter
497 1764 659 1859 emersit.
670 1761 791 1859 (lbid.,
811 1787 886 1857 cap.
903 1788 948 1859 9,
969 1790 1002 1834 v.
1018 1763 1088 1859 οι).
1104 1767 1336 1840 Nihilominus

208 1883 326 1954 eedem
343 1903 408 1950 vox
421 1903 441 1948 a
454 1891 571 1946 sancto
585 1876 692 1946 Paulo
711 1891 897 1971 usurpatur
912 1879 1069 1948 etiamad
1083 1883 1335 1976 exprimendam

206 2019 324 2068 curam
344 2017 532 2089 pauperum
549 1993 671 2086 (Epist.
692 2017 712 2062 2
727 1992 769 2060 ad
782 1995 886 2081 Cor.,
906 2019 936 2063 ο.
951 2019 989 2090 9,
1008 2019 1038 2064 v.
1060 1995 1139 2084 12),
1153 2011 1187 2066 et
1208 2000 1335 2092 pariter

208 2135 248 2182 eo
266 2109 401 2180 nomine
412 2122 510 2177 vocat
526 2105 678 2176 officium
688 2107 958 2202 charitatis,quo
971 2109 1087 2180 fideles
1098 2112 1202 2206 ipsius
1219 2139 1334 2184 neces·

207 2224 363 2296 sitatibus
374 2221 605 2292 subveniendo
623 2237 816 2316 opportuna
829 2223 1160 2319 suppeditabant(ad
1173 2226 1333 2323 Philipp,

204 2366 234 2410 e.
254 2367 294 2426 2,
321 2364 354 2409 v.
379 2336 453 2434 30).
474 2336 543 2406 Ubi
566 2335 701 2404 videtur
726 2337 908 2432 Apostolus
935 2338 1138 2409 vocabulum
1169 2339 1254 2409 illud
1280 2366 1332 2410 re-

207 2455 341 2526 duxisse
370 2451 573 2520 adsensum
610 2449 855 2544 generaliorem
885 2453 1062 2523 ministerii
1088 2456 1332 2549 cujuscumque

206 2567 348 2664 publici,
367 2580 426 2635 aut
450 2563 568 2635 saltem
594 2565 637 2633 ad
665 2566 838 2636 charitatis
869 2565 903 2636 in
929 2570 1123 2662 proximum
1146 2570 1332 2642 ministeria

206 2683 406 2754 extendisse.
444 2688 446 2693 '

260 2802 289 2869 Α
306 2796 423 2892 primis
441 2810 554 2863 nutem
572 2791 726 2864 Ecclesiae
744 2795 873 2864 saeculis
891 2795 1034 2868 invaluit
1051 2822 1133 2868 usus
1150 2799 1332 2898 liturgiam

209 2912 349 2986 vocandi
364 2922 614 2980 sacrosanctum
631 2909 851 2980 Eucharistiae
870 2910 1095 3001 sacrificium
1117 2913 1211 3006 quod
1230 2914 1332 2984 indu·

208 3031 302 3100 bium
322 3027 450 3096 faciunt
471 3040 690 3094 monumenta
710 3025 901 3114 innumere,
926 3040 964 3094 ut
986 3025 1101 3096 videre
1120 3043 1169 3096 est
1191 3029 1227 3096 in
1250 3053 1333 3098 eru-

207 3145 278 3215 dito
298 3137 475 3212 cardinalis
499 3143 599 3208 Bonae
616 3163 731 3233 opere,
756 3164 833 3209 cum
853 3141 942 3209 notis
964 3139 1049 3210 Saloe
1074 3142 1165 3212 edito
1188 3142 1330 3232 (Rerum

209 3257 327 3351 liturg.
353 3254 411 3323 lib.
439 3277 471 3342 1,
495 3276 525 3321 c.
542 3249 591 3343 3).
611 3255 653 3320 Iu
672 3251 737 3320 boc
754 3277 836 3349 ergo
855 3279 957 3322 sensu
972 3254 1061 3324 idem
1081 3257 1223 3324 sonabat
1236 3255 1332 3325 litur-

206 3375 260 3467 gia
275 3395 314 3441 ac
335 3367 537 3438 hodiernum
550 3367 669 3435 aassae
683 3366 905 3454 vocabulum
923 3392 997 3462 qnae
1015 3369 1182 3464 posterior
1200 3395 1264 3438 vox
1280 3395 1333 3440 re-

204 3488 396 3558 motissimae
409 3497 443 3554 et
453 3483 523 3578 ipsa
534 3483 746 3576 antiquitatis
762 3499 826 3554 est.
840 3487 901 3552 Est
918 3498 1031 3555 autem
1051 3500 1169 3556 notatu
1180 3487 1332 3581 dignum,

204 3625 222 3672 a
244 3603 360 3699 graecis
379 3598 547 3684 Patribus,
567 3597 648 3667 dum
671 3624 753 3670 voce
772 3599 913 3698 liturgia
929 3601 973 3671 ad
992 3600 1236 3696 designandum
1259 3605 1333 3670 Eu·

203 3716 421 3798 charisticum
431 3711 634 3783 sacrificium
643 3727 799 3802 utuntur,
809 3714 910 3806 adjici
928 3712 1037 3784 solere
1047 3716 1331 3809 epithetonsaera

202 3831 255 3902 vei
272 3833 422 3925 mystim
440 3856 450 3899 :
471 3828 854 3900 contrariooccurrente
868 3853 933 3900 usu
952 3831 1042 3924 apud
1062 3829 1184 3900 latinos
1203 3836 1331 3920 Patres,

204 3947 334 4042 quibus,
347 3945 506 4040 frequens
522 3956 573 4012 est
592 3967 726 4013 sensum
745 3945 900 4014 eumdem
919 3944 1012 4014 nullo
1026 3945 1160 4040 adjecto
1179 3947 1331 4040 epitheto

202 4060 428 4156 exprimere(
453 4057 479 4154 ).

237 4343 273 4422 (Ι)
294 4343 334 4400 De
347 4361 408 4398 mee
432 4343 546 4410 literato
563 4339 679 4398 rideatur
702 4339 799 4398 szer
819 4340 861 4418 (de
878 4339 999 4398 Ecclesiae
1021 4340 1185 4398 occidentalis
1206 4342 1328 4417 liturgiis,

200 4437 337 4508 protem.);
355 4461 391 4478 -
404 4429 476 4488 Βοοε
504 4427 611 4506 (Rerum
630 4429 819 4504 liturgicarum,
843 4438 864 4488 t.
877 4431 899 4500 1,
918 4431 937 4488 l.
961 4447 980 4502 ι,
1002 4448 1062 4505 ουρ.
1083 4429 1130 4503 5);
1156 4459 1192 4476 -
1209 4429 1328 4486 Ζεεεεείι
