2978 5076
249 319 329 399 2⁹06
641 372 645 381 »
708 346 926 396 mauranus.
1008 371 1013 383 ‚

246 499 264 534 a
283 467 730 565 Congregationcpnblirari
748 469 993 546 maculavitlrac
1009 472 1063 547 die
1075 473 1217 546 autulii.
1231 474 1337 573 ¹75¹¹·
1355 508 1379 546 a.

246 583 371 679 (Apud
383 581 742 672 conmutationem
757 584 886 681 4070.)

295 701 379 767 Eam
406 713 521 768 autem
556 699 679 768 summi
718 701 882 786 momenti
920 702 1181 775 reservationem
1208 706 1379 799 patuisset

246 812 441 908 Apostolica
462 812 556 884 sedes
576 814 691 884 statim
716 815 759 886 ab
782 813 937 886 Ecclesiae
951 815 1097 886 exordiis
1123 819 1272 909 sendra,
1298 847 1377 891 curn

246 925 344 1000 nullo
362 943 514 1023 ternpore
530 929 655 1000 Christi
679 929 714 998 in
737 929 838 1000 terris
854 929 1011 1000 Vicacins
1032 929 1132 1025 plena
1152 933 1377 1008 universalem

246 1043 428 1118 Ecclesiam
458 1044 611 1140 regendi,
630 1069 670 1114 ac
697 1044 802 1138 proin.
820 1046 912 1114 circa
929 1043 1104 1141 liturgiam
1134 1049 1234 1120 etiam
1260 1050 1377 1122 decer·

247 1159 363 1250 nendi,
384 1174 550 1254 potestate
565 1159 724 1230 caruerit.
738 1163 785 1232 At
803 1185 878 1252 qnae
894 1162 1056 1235 Romanis
1078 1164 1302 1238 Pontificibus
1312 1192 1377 1262 pro

245 1299 401 1370 suprema
415 1299 532 1347 eorum
548 1275 751 1346 auctoritate
766 1273 880 1365 licent,
898 1301 965 1351 non
981 1277 1093 1346 omnia
1113 1281 1206 1350 omni
1225 1295 1377 1376 tempore

246 1416 341 1486 aeque
364 1390 570 1485 expediunt;
597 1391 690 1462 binc
705 1390 996 1484 quemadmodum.
1016 1393 1262 1488 Episcopnmm
1288 1395 1375 1466 eto·

247 1507 374 1576 tiostem
400 1503 479 1574 olim
511 1503 639 1601 populo
660 1519 693 1574 et
715 1505 805 1576 clero
828 1507 1039 1600 permissam,
1058 1521 1160 1602 atque
1177 1510 1374 1580 corumdem

246 1622 418 1718 gra-viores
439 1647 555 1692 causas
574 1621 693 1718 synodi
714 1621 1077 1716 provincialisjudicio
1096 1625 1270 1696 terminari
1291 1627 1376 1696 soli-

245 1735 508 1830 tasraliquamle
530 1735 573 1804 ad
591 1759 627 1804 se
645 1735 865 1808 retrahendus
887 1735 1188 1831 Apostolicasedes
1207 1757 1379 1834 apporta-t

246 1876 328 1922 num
348 1851 458 1939 duxit,
474 1851 520 1922 ita
538 1864 572 1921 et
597 1850 717 1944 majori
743 1848 958 1947 liturgiarum
981 1853 1166 1947 integritati
1185 1853 1377 1945 consulens,

244 1964 302 2035 diu
319 1965 515 2059 permissam
537 1962 717 2035 ordinariis
744 1988 861 2035 earum
887 1962 1143 2060 regulationem,
1161 1961 1246 2037 ortis
1264 1981 1375 2038 tractu

245 2095 436 2175 temporum
466 2096 538 2152 tum
563 2081 597 2152 in
624 2079 812 2150 Occidente
833 2094 909 2149 tum
929 2081 964 2150 ia
991 2081 1132 2152 Oriente
1153 2081 1315 2152 abusibus
1341 2099 1376 2156 et

244 2196 415 2292 periculis,
431 2196 495 2266 sibi
510 2194 694 2290 aliquando
714 2196 910 2266 reservarit.
933 2194 973 2264 Id
992 2196 1118 2290 potuit,
1133 2195 1169 2266 id
1182 2196 1263 2271 fecit
1280 2199 1375 2270 sedes

244 2312 302 2384 illa
329 2339 405 2408 quae
423 2327 549 2384 ceteras
569 2311 699 2406 judicat
722 2329 794 2384 cta
820 2310 913 2384 nulla
933 2327 1045 2407 potest
1062 2311 1210 2404 judicari
1231 2340 1239 2384 :
1262 2339 1374 2384 restra·

244 2443 305 2498 net
323 2453 405 2524 ergo
422 2427 631 2522 obsequendi
650 2427 845 2515 necessitas,
862 2453 934 2496 non
951 2427 1111 2522 carpendi
1130 2441 1190 2497 aut
1209 2429 1375 2500 obsisten-

245 2543 279 2612 di
298 2541 453 2612 facultas.
485 2543 622 2632 Quanta
639 2557 758 2620 ,autem
778 2541 942 2636 sapientia
966 2541 1016 2612 ita
1042 2539 1169 2613 ultimis
1184 2541 1314 2612 saeculis
1333 2543 1376 2614 de

246 2656 383 2750 liturgia
404 2670 555 2746 cautum,
576 2654 630 2744 sit,
667 2653 755 2728 facili
784 2653 914 2726 calamo
941 2655 1206 2728 describeremus
1228 2657 1292 2730 nisi
1322 2683 1376 2728 res

244 2773 398 2840 omnium
420 2769 527 2842 oeulis
550 2795 610 2864 per
633 2785 832 2865 sapuerat,
860 2786 894 2842 et
913 2773 949 2841 in
972 2769 1121 2866 ipsismet
1140 2774 1375 2844 Romanorum

181 2961 183 2966 ,
244 2885 449 2956 Pontificum
460 2885 570 2954 citatis
586 2885 885 2956 constitutionibus
899 2899 1093 2972 occurreret
1111 2887 1314 2981 expositum.

701 3111 851 3180 CAPUT
875 3113 921 3182 ΙΙ.

275 3307 336 3358 JUS
362 3305 589 3354 ntrunctcntr
615 3305 859 3355 contestatum
886 3302 1103 3355 bertranum
1130 3307 1150 3354 tt
1175 3307 1205 3354 S.
1230 3309 1294 3358 1⁵10
1320 3311 1342 3356 V

348 3423 470 3483 Quoto
496 3421 723 3470 nnevmtttutt
749 3423 793 3469 ET
819 3420 978 3469 nttssatn·
993 3420 1264 3472 consumtum.

294 3614 424 3683 Summi
443 3615 607 3683 momenti
623 3627 673 3682 est
692 3611 861 3682 bullarum
877 3613 999 3684 ‘Sancti
1016 3614 1067 3684 Pii
1086 3617 1130 3700 V,
1154 3634 1301 3708 quarum
1323 3615 1371 3685 al·
1476 3629 1477 3636 ’

243 3748 315 3800 tera
335 3728 475 3821 Quodn
488 3728 696 3799 nobasinitio
715 3729 884 3819 breviarii,
898 3729 1002 3802 altera
1021 3733 1267 3826 Qnoptamum
1284 3745 1371 3800 tem*-

234 3869 330 3942 pore
357 3844 455 3913 initio
487 3842 629 3913 missalis
660 3843 791 3912 ronrani
818 3843 946 3938 praefigi
973 3841 1075 3926 solet,
1103 3857 1233 3913 textum
1259 3847 1369 3942 ipsum
1474 3849 1475 3856 ’

241 3973 396 4028 accurate
426 3958 632 4054 expendere3
659 3973 697 4027 nt
729 3957 902 4052 quodnam
929 3955 1008 4026 inde
1039 3972 1152 4026 ortem
1181 3959 1227 4030 sit
1249 3959 1307 4054 jas
1334 3959 1370 4030 li-

243 4075 413 4168 turgicum
442 4088 532 4144 recte
556 4074 777 4144 discernatur.
804 4075 897 4142 Cum
916 4087 1034 4142 auten·
1059 4071 1233 4168 ruperia
1261 4073 1370 4146 Gallia

241 4215 367 4286 magno
381 4190 572 4260 animorum
587 4206 668 4260 aestn
683 4189 724 4258 de
741 4189 805 4260 hae
821 4212 856 4257 re
875 4187 1099 4282 disceptatum
1115 4189 1173 4280 ait,
1192 4191 1369 4286 ettopinio·

235 4309 297 4380 nis
321 4332 431 4402 quam.
445 4331 628 4386 erroneam
648 4304 879 4392 existimamus
903 4317 936 4372 et
965 4303 1205 4374 confutandam
1226 4304 1367 4398 suscipi·

241 4448 318 4492 nius
335 4424 357 4493 ii
378 4423 443 4492 sint
461 4423 609 4517 patroni,
628 4422 687 4518 qui
709 4421 766 4490 vix
784 4419 894 4490 ferant
910 4443 931 4490 a
948 4444 1118 4516 quoquam
1141 4420 1308 4517 scriptore
1332 4419 1365 4488 in
