2978 5076
514 377 559 422 nr
583 377 681 426 rurs.
696 375 901 429 cisunorco.
1174 391 1178 398 ·
1202 349 1265 424 181

143 506 407 595 immutationes,
430 506 511 578 licet
527 533 596 578 oon
615 535 662 580 em
683 533 757 603 quaa
778 509 923 603 vigentis
949 505 1095 603 liturgia
1113 505 1270 578 substan·

143 621 223 689 tiam
250 622 438 693 allicerent.
471 625 522 694 lta
551 627 653 695 etiam
681 639 720 694 ut
750 624 885 694 tandem
921 622 1067 719 liturgiae
1093 624 1128 692 iu
1159 621 1271 694 Gallia

140 739 263 808 iterum
278 755 312 808 et
329 763 348 808 a
367 742 519 809 Romana
540 757 575 811 et
589 743 678 811 inter
694 763 731 810 se
744 740 885 810 dirersae
899 741 1019 810 iterum
1035 741 1215 829 evaserint,
1234 754 1271 810 et

139 855 252 946 potius
265 855 592 928 Romano-Gallicas
605 881 709 950 quum
723 854 921 951 simpliciter
933 861 1103 928 Romnum
1117 872 1270 950 tempore

137 967 273 1036 concilii
292 969 483 1041 Tridentini
503 972 568 1040 dici
589 970 782 1042 debuerint.
803 970 949 1042 Aliunde
969 997 1051 1040 vero
1079 972 1178 1042 variae
1195 995 1270 1042 mo·

137 1079 347 1152 dificationes
374 1086 446 1154 sire
471 1079 697 1156 correctiones
725 1113 809 1180 quas
835 1087 936 1156 variis
961 1086 1170 1180 temporibus
1185 1088 1269 1180 ipso

137 1199 302 1268 Romane
317 1198 472 1270 Ecclesiae
484 1199 619 1297 liturgia
633 1227 731 1297 passa
747 1218 797 1272 est
807 1227 875 1272 non
890 1202 1049 1272 videntur
1059 1201 1270 1295 ‚praeceptivo

138 1311 273 1382 decreto
293 1313 482 1386 Galliarum
502 1315 648 1387 ecclesiis
663 1319 763 1388 fuisse
779 1318 956 1414 impositas.
977 1320 1062 1402 Qum
1079 1316 1192 1386 omnia
1215 1316 1269 1384 in·

138 1443 249 1496 nuunt
267 1444 301 1498 et
322 1431 402 1499 satis
421 1432 570 1527 probant
590 1449 789 1527 potestatem
807 1431 1027 1527 legislativum
1048 1430 1158 1526 quoad
1178 1430 1268 1500 leves

136 1547 353 1631 accessiones,
370 1548 626 1618 immutationes
646 1564 748 1642 atque
764 1548 990 1620 correctiones
1011 1545 1195 1640 litut-giras,
1210 1571 1270 1640 pe·

135 1685 192 1728 nes
214 1661 358 1731 concilia
383 1663 617 1758 provincialia,
634 1683 668 1734 et
689 1665 814 1735 alicubi
828 1665 942 1734 forsan
964 1688 1067 1758 penes
1084 1660 1268 1754 cujuslibet

134 1780 330 1848 monasterii
341 1793 376 1850 et
390 1780 541 1851 dioecesis
553 1783 776 1862 ordinarium,
787 1795 958 1852 annuente
967 1777 1160 1874 Apostolica
1174 1777 1266 1862 sede,

134 1893 273 1986 pacilice
292 1898 502 1968 remansisse.
521 1901 565 1967 Et
581 1913 673 1968 certe
689 1899 842 1968 videmus
861 1910 1015 1967 sanctum
1034 1894 1262 1978 Bernardum,

133 2008 327 2102 postulante
354 2012 531 2104 eujusdam
564 2014 758 2084 monasterii
780 2014 913 2099 abbate,
931 2037 1058 2080 novum
1081 2010 1123 2080 de
1146 2024 1266 2078 sancto

131 2125 275 2194 Victore
289 2125 440 2196 officium
458 2130 710 2224 composuisse;
731 2153 841 2222 neque
861 2129 896 2198 in
911 2127 1032 2196 eximia
1051 2127 1124 2217 ejus
1141 2125 1183 2194 de
1200 2124 1263 2194 hac

133 2265 170 2308 rc
188 2240 329 2333 epistola
345 2241 451 2313 ullum
466 2246 616 2314 occurrit
629 2245 768 2313 verbum
788 2268 858 2336 quo
872 2243 906 2311 in
920 2243 1138 2336 questionem
1156 2238 1265 2310 addu-
1282 2265 1287 2270 ·

133 2377 207 2421 cere
226 2353 383 2426 videatur
402 2371 516 2427 utrum
533 2383 622 2428 nova
645 2356 841 2451 hujusmodi
856 2355 968 2426 ollicia
986 2353 1200 2424 introducere
1219 2352 1262 2422 li-

132 2486 233 2540 ceret.
254 2472 302 2567 (S.
323 2474 486 2544 Bernardi
506 2485 620 2570 opera,
640 2489 723 2545 torn.
747 2477 776 2560 I,
798 2474 896 2569 epist.
918 2471 1016 2567 312.)

587 2694 735 2762 CAPUT
760 2695 824 2762 V.·

131 2876 154 2922 Δ
171 2877 200 2922 S.
223 2875 406 2925 cttttcottto
423 2879 473 2924 Vll
501 2879 655 2926 suuttsn
677 2883 718 2927 ΕΧ
745 2879 922 2927 HlSl‘thlS
946 2879 1118 2926 Ltrttrtssta
1141 2853 1262 2925 Moznss

179 2989 311 3036 nautea
336 2991 378 3038 ET
397 2992 551 3039 Romanu
569 2993 792 3040 Pttmscntt‘Tn
812 2996 819 3038 :
841 2993 900 3039 tta
923 2994 1045 3038 TAMEN
1070 2991 1117 3038 UT
1138 2991 1199 3038 tus
1214 2993 1257 3038 Ea

178 3103 260 3162 QUAE
284 3103 333 3149 Al)
353 3105 631 3152 suusTtttTtaLta
657 3107 730 3152 NON
750 3105 998 3152 PERTINERENT
1019 3075 1255 3168 cunutcuttnt,

177 3217 340 3265 annuunt
368 3221 410 3266 ET
434 3221 648 3269 {munuum
678 3223 787 3268 attins
818 3221 1035 3267 ottutttntttos
1067 3219 1256 3266 PRAELATOS

176 3333 243 3378 VEL
263 3334 402 3381 samam
421 3335 528 3383 Penas
555 3336 723 3384 cottctLtn
739 3334 999 3383 PROVINCthIA
1017 3335 1255 3382 REt'lthSERlT.

176 3509 203 3574 Ι.
215 3506 293 3594 Qua
310 3509 439 3577 ratione
455 3524 489 3579 et
506 3508 594 3578 lelici
615 3511 707 3579 exitu
721 3508 938 3579 hortantibus
961 3508 1124 3578 Romanis
1141 3508 1256 3576 Ponti·

130 3619 247 3690 ficibus
273 3624 413 3718 antiqna
441 3624 577 3720 liturgia
602 3625 776 3696 Gallicana
804 3639 926 3695 octavo
951 3623 1073 3694 saeculo
1092 3630 1252 3696 Romanae

129 3730 240 3803 loerrm
258 3740 405 3826 cesserit,
419 3741 585 3833 superiori
601 3741 710 3835 capite
724 3741 852 3810 dictum
872 3755 935 3810 est.
949 3739 1100 3811 Similem
1116 3763 1254 3834 prorsus

128 3847 396 3921 immutationem
416 3854 449 3921 in
472 3855 643 3948 Hispaniis
662 3855 841 3925 undecimo
860 3855 982 3925 saeculo
1002 3855 1161 3924 exhibent
1182 3854 1253 3924 his·

126 3966 472 4038 torica-monumenta
490 3996 498 4038 :
519 3985 556 4039 at
573 3975 648 4039 non¹
664 3971 735 4065 jam
756 3971 915 4040 hortante
937 3956 1085 4060 tantum,
1107 3969 1165 4040 sed
1187 3971 1252 4039 im-

126 4095 267 4174 perante
285 4097 388 4178 atque
405 4086 544 4156 omnino
559 4087 713 4180 exigente
732 4084 923 4179 Apostolica
942 4086 1030 4155 sede.

173 4201 247 4267 laur
267 4213 346 4268 ante
370 4203 405 4270 S.
424 4203 628 4296 Gregorium
648 4206 712 4272 Vll
732 4203 767 4272 in
786 4201 902 4297 aliquo
918 4205 1095 4296 dragoniae
1108 4200 1255 4272 concilio

125 4309 281 4382 videmus
309 4315 514 4408 prohibitam
538 4317 709 4411 gothicam
731 4315 922 4412 liturgiam,
950 4332 1051 4413 atque
1075 4317 1252 4411 praescrip*

127 4439 199 4494 tum
230 4431 425 4500 Romanum
447 4456 600 4502 morem:
621 4459 638 4496 α
658 4435 747 4502 Data
775 4433 1004 4502 sacerdotibus
1026 4430 1089 4518 lex,
1119 4454 1249 4526 nequo
