3004 5070
224 344 296 433 264
680 371 884 420 natamus

223 524 298 592 quae
313 523 429 567 omnes
447 498 565 568 muudi
579 497 734 570 ecclosias
749 482 986 594 adstringant}
1006 524 1046 570 ex
1062 495 1207 592 eoquod
1223 495 1264 565 ‹le
1283 495 1352 564 lide
1440 493 1442 497 ’

223 614 277 704 sit,
295 628 329 681 ot
344 639 363 680 a
378 612 575 684 Florentino
583 615 791 684 oecumenico
803 613 948 684 concilio
968 611 1209 697 definitum‚ad
1223 615 1352 680 Roma·

226 753 288 796 nos
304 727 459 823 praesules
473 731 642 824 pertinere
651 729 800 826 plenam
809 745 1027 825 potestatem
1042 726 1272 798 ulliverunlcm
1284 730 1353 796 Ec-

225 843 370 914 clesiam
382 843 574 942 pascendi,
600 844 747 945 regendi
773 860 880 942 (itque
906 841 1143 942 gubernandi.
1169 841 1284 925 Unde,
1313 857 1353 910 ut

226 960 363 1054 aliquod
376 962 588 1056 pontificium
605 963 778 1032 decretum
793 963 920 1030 ¹omnes
937 959 1090 1030 ecclesias
1109 937 1249 1051 obliget,
1269 959 1352 1026 satis

227 1091 276 1146 est
296 1075 381 1145 illud
402 1103 463 1172 per
481 1078 621 1148 modum
641 1075 722 1172 legis
739 1075 936 1156 uniuersalis
949 1075 1046 1146 edici.
1063 1075 1165 1166 Atqui
1178 1074 1352 1142 concessio

229 1193 308 1260 novi
328 1192 407 1263 festi
429 1208 461 1262 et
482 1193 599 1279 officii,
627 1193 714 1262 lacta
734 1189 798 1262 sub
811 1205 990 1288 pimcepto
1011 1190 1071 1259 toti
1094 1186 1261 1274 Ecclesia,
1281 1189 1354 1257 uni

137 1338 139 1342 ·
230 1305 367 1376 versatis
392 1323 425 1377 et
449 1309 587 1404 proprio
611 1309 710 1378 dictae
733 1306 815 1404 legis
843 1306 1025 1402 pontificiae
1056 1308 1219 1376 nationem
1239 1305 1352 1374 hahet.

230 1423 398 1515 Exprimit
416 1425 506 1494 enim
520 1415 736 1519 pracceptum,
751 1438 784 1493 et
802 1422 939 1517 quidem
963 1424 996 1490 in
1017 1438 1234 1516 perpetuum,
1256 1435 1290 1490 et
1309 1421 1353 1488 ab

230 1539 388 1622 omnibns
414 1539 540 1635 absque
566 1541 763 1635 exceptione
784 1537 1044 1608 observandum.
1068 1541 1157 1632 Engo
1181 1535 1236 1606 tali
1265 1561 1355 1630 prae·

230 1667 332 1746 cepto
353 1654 529 1747 subjacent
548 1680 664 1724 omnes
689 1654 854 1742 ecclcsiae3
880 1679 962 1748 engo
986 1668 1020 1722 et
1043 1651 1108 1722 illae
1126 1653 1227 1721 etiam
1253 1650 1356 1722 eccle·

231 1771 287 1838 siae
302 1795 377 1862 quae
394 1771 531 1864 proprio
548 1769 716 1840 breviario
733 1769 882 1864 legitime
900 1783 1059 1838 utuntur.

282 1889 444 1958 Praeterea
463 1888 558 1958 dictae
582 1887 728 1958 ecclesiae
750 1911 827 1982 quae
848 1889 976 1982 proprii
1003 1886 1165 1956 breviarii·
1178 1883 1354 1980 pn'vilegio

233 2002 395 2100 gatttlent,
418 2004 493 2074 ideo
509 2030 577 2074 non
602 2019 799 2074 tenerentur
821 2003 864 2074 ad
889 2003 1011 2072 festum
1033 2017 1067 2071 et
1089 1999 1241 2071 officium
1261 1999 1355 2094 quod

147 2123 152 2130 '
236 2118 470 2190 universaliter
485 2120 673 2215 praescribit
696 2118 789 2188 sedes
816 2116 1020 2212 Apostolica,
1042 2117 1207 2210 quiahoc
1230 2115 1359 2210 proprii

238 2235 395 2304 breviarii
432 2233 648 2331 privilegium
688 2233 876 2304 necessario
918 2230 1105 2302 inclutlenet
1145 2229 1361 2326 privilegium

236 2351 456 2445 exemptionis
468 2351 511 2420 ab
524 2351 637 2420 officio
652 2369 868 2444 quocumque
882 2347 974 2441 quod
989 2347 1186 2442 praeciperet
1201 2350 1362 2414 Stunmus

237 2464 412 2551 Pontifex3
429 2466 521 2558 atqui
542 2464 575 2533 id
590 2463 712 2532 salsum
734 2479 783 2532 est
799 2489 807 2532 ε
821 2463 902 2532 dum
922 2463 1011 2531 enim
1026 2466 1063 2532 S.
1085 2463 1164 2530 Pius
1182 2463 1214 2529 V
1236 2459 1363 2554 permi-

237 2579 422 2647 sitse1·vari
437 2578 601 2647 breviaria
613 2577 768 2648 ducentis
783 2578 880 2646 annis
891 2577 1098 2670 antiquiora,
1110 2575 1250 2646 minime
1260 2563 1363 2644 simul

239 2693 432 2776 facultatem
450 2692 529 2762 fecit
551 2717 620 2760 non
640 2692 840 2764 observandi
861 2694 944 2762 festa
961 2705 994 2760 et
1018 2690 1129 2760 officia
1146 2715 1220 2784 quae
1245 2691 1279 2757 in
1303 2714 1364 2782 po·

238 2826 365 2880 sterum
390 2835 408 2877 a
429 2807 509 2878 sede
527 2787 720 2902 Apostolica
747 2807 780 2876 iu
811 2805 995 2876 universali
1016 2803 1163 2874 Ecclesia
1192 2804 1363 2897 praescrihi

241 2939 389 3019 possent.
406 2923 507 3004 Unde
521 2922 641 2992 olficiis
656 2921 890 2992 universaliter
907 2919 1157 3016 subpraecepto
1171 2920 1365 2988 constitutis

240 3067 309 3110 non
327 3043 439 3110 minus
460 3041 688 3133 subjiciuntur
705 3039 851 3110 ecclesiae
869 3042 1010 3136 proprio
1030 3039 1196 3110 breviario
1216 3037 1365 3133 legitime

243 3171 386 3260 utentes,
402 3181 502 3250 quam
518 3170 644 3226 caeteroe
658 3182 788 3227 omnes.

288 3275 337 3352 li.
357 3271 494 3340 Accedit
514 3271 682 3342 unanimis
700 3272 878 3344 doctorum
898 3296 1095 3359 cousensus,
1118 3269 1177 3363 qui
1204 3295 1273 3341 rem
1294 3284 1367 3338 tan·

243 3385 500 3480 quamomnino
525 3399 651 3454 (tertam
671 3401 706 3454 et
729 3400 824 3455 extra
842 3386 1108 3455 controversiam
1133 3385 1277 3478 positam
1301 3398 1369 3452 tra·

243 3501 343 3570 dunt.
374 3502 463 3570 Satis
486 3501 528 3569 sit
554 3498 628 3570 haec
648 3525 754 3596 paam
778 3499 945 3578 Cavalieri
966 3500 1069 3570 verba
1101 3502 1221 3568 citasse
1249 3524 1258 3568 ε
1284 3527 1301 3561 ι(
1321 3501 1370 3567 Ut

245 3645 262 3679 ((
276 3630 389 3684 autem
403 3630 491 3686 centa
506 3615 548 3684 ab
564 3616 701 3685 incenis
711 3631 921 3709 separentur,
936 3615 1111 3684 indubium
1127 3629 1176 3684 est
1189 3612 1282 3707 quod
1297 3612 1371 3694 offi-

246 3733 406 3803 «ciorum
438 3731 671 3814 concessiones
705 3756 780 3825 quae
810 3729 970 3802 Ecclesiae
995 3729 1191 3812 universali,
1218 3754 1278 3798 scu
1308 3753 1369 3822 pro

246 3877 263 3912 a
278 3848 435 3915 omnibus
452 3847 514 3941 ¹qui
537 3847 580 3916 ad
604 3847 704 3916 horas
720 3848 899 3918 canonicas
917 3861 1089 3933 tenentur,
1109 3844 1152 3914 ab
1176 3841 1370 3938 Apostolica
1487 3903 1488 3906 ,

245 3961 356 4042 «sede
382 3961 614 4057 indulgentur,
638 3988 707 4032 nou
732 3962 845 4032 minus
872 3962 1039 4032 breviario
1067 3959 1203 4055 proprio
1238 3972 1371 4028 utentes
1487 3993 1488 4034 i

247 4107 263 4140 a
279 4077 537 4172 adstringunt.»
549 4077 660 4174 (Tum.
680 4081 726 4165 ΙΙ,
751 4103 827 4174 pag.
853 4075 932 4174 175,
945 4076 1025 4146 edit.
1041 4079 1179 4160 Venet„
1202 4071 1323 4169 1758.)

297 4196 358 4262 ΙΙΙ.
384 4197 429 4262 At
447 4194 551 4286 quaeii
568 4191 709 4264 ulterius
730 4207 865 4286 posset,
888 4207 1002 4262 utrum
1017 4189 1163 4260 ecclesiae
1175 4211 1304 4271 omnes,
1322 4202 1373 4257 at·

248 4333 314 4401 qne
333 4307 432 4376 etiam
455 4308 594 4404 proprio
619 4308 786 4378 lmeviario
809 4306 957 4401 legitime
984 4319 1132 4390 utentes,
1149 4303 1192 4372 ad
1214 4302 1371 4396 praedicta

248 4422 360 4504 officia
374 4423 632 4520 adstringantur
647 4423 749 4493 etiam
764 4421 876 4516 quoad
889 4421 976 4492 diem
989 4435 1025 4490 et
1040 4417 1222 4524 formulam
1237 4417 1373 4488 decreto
