3004 5070
216 299 287 374 258
673 322 883 376 saturnus

211 452 266 548 gia
286 475 460 522 remanere
482 464 685 545 potuerunt,
697 464 733 519 ct
749 449 793 520 dc
804 448 897 522 lacto
914 462 1161 536 remanserunt
1178 446 1341 520 deterrui-

215 566 366 636 nandum
394 591 485 636 nunc
507 565 670 637 babemus
690 565 751 656 jus
770 563 966 658 liturgicum
982 565 1072 634 circa
1086 563 1290 636 breviarium
1308 580 1343 634 et

215 680 357 749 missale.

264 797 452 890 Propositio
476 803 521 872 ι’.
548 800 590 866 ln
618 793 726 866 dicus
749 794 906 866 ecclesiis
922 821 994 866 uon
1008 809 1160 890 possunt
1186 793 1339 866 loeorrrm

217 910 401 982 Orrlrinurii
410 935 513 982 scurra
526 909 735 982 breviandum
748 927 784 982 et
800 910 947 982 musula
960 915 999 980 in
1011 909 1113 982 cited
1123 908 1341 980 substantia·

213 1025 487 1113 literam-siun,
492 1040 628 1122 prater·
637 1031 834 1100 Romamne
851 1027 1126 1104 Post-Pronum,
1141 1026 1340 1094 r'nrmuturc.

214 1186 263 1200 -
279 1145 367 1214 Nam
391 1144 428 1213 in
449 1141 549 1212 dictis
567 1141 715 1214 ecclesiis
739 1166 807 1214 uon
833 1156 976 1234 possunt
998 1139 1152 1211 locorum
1178 1139 1341 1210 ordinarii

216 1260 282 1328 nisi
299 1257 391 1352 qnod
409 1282 451 1326 ert
462 1256 541 1350 Jure
554 1257 727 1330 communi
744 1269 824 1324 ante
836 1259 873 1326 S.
894 1256 990 1328 Piurn
1011 1259 1043 1324 V
1063 1256 1192 1348 vigenti
1210 1252 1339 1324 licitum

214 1391 299 1446 crat.
330 1374 437 1468 Atqui
456 1385 536 1442 ante
563 1375 599 1444 S.
629 1372 729 1442 Pium
755 1375 787 1441 V
816 1372 957 1444 minime
984 1385 1115 1465 poterat
1139 1371 1341 1466 Episcopus,

214 1491 318 1560 ctiam
335 1489 566 1560 consentiente
584 1485 754 1582 capitulo,
777 1489 952 1581 antiquam
979 1513 1048 1556 suae
1072 1487 1223 1556 dioecesis
1244 1484 1341 1554 litur-

216 1606 305 1698 giam
331 1603 483 1674 descrere
500 1615 534 1670 et
551 1626 671 1673 novam
688 1602 956 1674 substantialiter
981 1602 1150 1672 diversam
1172 1601 1236 1671 sibi
1259 1626 1342 1670 con·

214 1721 306 1792 flare.
333 1723 445 1813 Supra
472 1718 563 1788 enirn
589 1718 806 1812 probavimus
833 1718 868 1788 id
897 1717 992 1788 nullo
1012 1731 1164 1811 tempore
1186 1715 1340 1800 licuisse3

212 1837 358 1929 quiores
376 1833 483 1905 ratde
506 1858 540 1902 se
561 1832 858 1929 periculosissima,
879 1835 980 1906 noxia
998 1858 1038 1902 ae
1058 1831 1200 1926 proinde
1220 1857 1335 1926 prava.
1370 1809 1376 1820 .

212 1949 567 2018 Confirrnaturautem
584 1948 773 2020 exdocreto
793 1948 911 2032 Piston,
932 1950 1050 2043 inquo
1067 1961 1246 2040 postquam
1261 1971 1339 2017 nar-

213 2067 298 2138 ravit
328 2064 485 2135 Pontifex
512 2062 684 2157 quomodo
717 2088 788 2136 nnn
814 2063 913 2156 pauci
934 2063 1095 2156 Episcopi
1125 2061 1160 2133 id
1181 2062 1252 2154 jam
1276 2087 1339 2130 suo

215 2196 366 2274 tempore
382 2193 619 2266 attentassent,
641 2178 923 2250 consuetudinem
953 2177 1043 2248 illam
1057 2193 1339 2273 provocaverat,

216 2297 311 2387 Quin
325 2296 447 2382 eliam,
464 2295 525 2383 ait,
549 2295 585 2361 in
594 2295 799 2388 pmvincias
814 2293 997 2388 pcrrlulim
1025 2294 1212 2388 rirepserut
1223 2317 1340 2387 ptura

213 2409 277 2480 illa
294 2407 519 2497 consuetude,
542 2423 585 2478 ut
599 2409 805 2504 Episcopi...
817 2408 996 2502 prr'vcrtrmr
1013 2406 1084 2476 sibi
1094 2409 1242 2503 qurqurrc
1256 2405 1340 2476 bre-

214 2529 362 2596 viarium
381 2525 602 2614 conficerent.
623 2527 727 2619 Ergo,
748 2524 901 2617 quamvis
925 2522 1092 2616 praedicta
1109 2519 1254 2592 ecclesiae
1268 2521 1338 2590 dis-

214 2642 372 2736 positioni
400 2642 511 2708 Pianae
533 2639 691 2731 subjectae
720 2661 789 2707 non
814 2638 953 2723 suerint,
982 2663 1050 2707 non
1075 2638 1264 2731 putandum
1288 2653 1340 2708 est

212 2779 327 2825 earnm
346 2754 523 2823 ordinariis
539 2752 639 2821 licere
660 2767 720 2822 aut
747 2779 896 2846 unquam
913 2751 1045 2821 licuisse
1062 2751 1231 2847 liturgiam
1255 2753 1338 2821 suh-

212 2868 413 2943 stantialiter
436 2895 571 2959 novam,
602 2868 762 2938 derelicta
787 2894 846 2936 sna
874 2867 1034 2962 legitima,
1053 2868 1281 2938 introducere.
1301 2869 1339 2938 ld

212 3002 365 3058 econtra
384 3010 516 3078 semper
533 2983 634 3052 fuisse
659 2982 737 3077 jure
759 2984 930 3052 communi
949 2984 1158 3078 prohibitum
1180 2999 1214 3050 et
1233 2983 1340 3078 illegi-

213 3105 333 3173 timum
362 3099 566 3169 censendum
595 3115 657 3168 est.
688 3101 865 3192 Excipitur
894 3114 1026 3168 tanturn
1048 3125 1144 3170 casus
1162 3125 1230 3196 quo
1254 3102 1338 3194 Epi-

210 3241 334 3311 scopus
354 3231 388 3284 et
404 3213 591 3309 capitulum
620 3213 743 3283 vellent
768 3214 811 3283 ad
832 3214 1003 3310 liturgiam
1023 3219 1210 3285 Romanam
1240 3219 1340 3285 Post·

211 3333 350 3402 Pianarn
374 3331 534 3425 migrare,
558 3330 638 3424 quia
664 3329 697 3400 id
722 3352 876 3423 expresse
898 3331 1118 3403 eisconcedit
1135 3333 1173 3404 S.
1193 3331 1272 3401 Pius
1289 3336 1335 3401 V.

260 3448 354 3518 Idem
381 3447 504 3517 invicte
533 3445 688 3538 sequitur
712 3470 752 3516 ex
778 3445 872 3516 Piani
909 3445 1036 3517 decreti
1064 3461 1193 3531 tenore,
1223 3446 1337 3540 quoad

210 3563 366 3636 ecclesias
379 3562 478 3633 titulo
499 3564 717 3657 possessionis
739 3563 963 3636 ducentorum
983 3587 1151 3636 annorum
1167 3581 1338 3658 exceptas.

211 3683 277 3751 Eas
299 3680 388 3749 enim
410 3677 490 3750 Pius
513 3680 540 3746 V
569 3679 730 3772 supponit
749 3678 819 3772 J'am
840 3679 1018 3752 adstrictas
1043 3678 1190 3778 liturgic
1214 3679 1337 3752 Eccle-

207 3797 272 3866 sr'ae
296 3802 462 3866 Rauennae
469 3822 485 3880 ;
510 3795 677 3867 breviaria
703 3795 872 3890 siquidem
890 3821 912 3866 a
939 3820 1002 3866 suo
1025 3811 1185 3866 correcto·
1207 3796 1338 3868 diversa

212 3909 300 3982 tollit
318 3909 362 3979 dc
379 3897 540 3980 omnibus
553 3909 648 3980 orbis
659 3909 846 3983 ecclesias..
864 3913 899 3980 in
916 3908 1045 4009 quaro
1060 3910 1157 3981 olaus
1176 3911 1338 4004 officinm

206 4026 363 4098 dr'iu'nnm
381 4031 549 4124 Immaraae
565 4026 733 4101 Ecclesia
752 4034 822 4101 ritu
842 4025 915 4101 clr'cr'
934 4029 1111 4102 comnena
1134 4043 1201 4098 out
1215 4026 1332 4098 (lebet.

147 4127 149 4132 ¹
208 4145 300 4214 Dum
316 4166 398 4235 ergo
418 4157 535 4236 postea
555 4141 597 4214 ab
625 4167 664 4214 ea
689 4142 761 4240 lege
783 4145 908 4238 exeipit
926 4142 1003 4218 illas
1019 4169 1095 4238 quae
1112 4144 1259 4238 propria
1270 4143 1337 4220 lor·

210 4254 301 4326 mula
320 4281 338 4323 a
358 4255 512 4324 ducentis
531 4257 629 4325 annis
650 4273 807 4343 utuntur,
837 4285 893 4329 eas
920 4260 1085 4354 supponit
1110 4275 1144 4331 et
1170 4257 1336 4353 relinquit

205 4372 289 4444 rr'tui
306 4377 475 4444 hmoaae
496 4370 679 4460 eulesio,
702 4371 779 4448 tion
795 4399 874 4450 eum
894 4373 1259 4471 propriisquihusdnm
1283 4399 1337 4446 ra-
