3018 5070
515 383 557 428 un
581 381 666 430 suan
691 381 898 429 orronorco.
1219 358 1267 458 39

145 511 373 606 «syriermcs,
395 509 633 605 egyptiennes‚
647 509 905 603 ethiopiennos‚
927 507 1181 597 armdnienncs‚
1208 509 1278 602 qui'

142 653 159 697 u
180 642 243 697 ont
259 623 313 696 dui
332 639 365 694 ct
384 625 443 718 qui
464 638 542 693 sont
556 649 679 694 encore
696 649 739 694 en
754 626 888 694 Orient.
908 651 926 688 ι

146 777 149 782 -
186 743 257 831 Qui
279 741 349 809 hacc
376 739 534 835 scripsit,
560 753 654 808 totus
681 753 713 808 et
742 741 812 833 ipsc
842 739 965 808 nititur
981 736 1159 833 privilegio
1179 740 1269 808 iner-

140 856 260 924 rantiae
273 879 342 948 quo
357 854 515 924 Christus
535 853 716 923 Ecclesiam
734 879 829 923 suam
844 855 1001 922 munivit.
1018 853 1082 922 Sed
1098 854 1270 948 quomodo

141 993 208 1038 non
227 969 332 1058 vidit,
353 983 391 1038 ut
411 967 595 1038 infallibilis
614 971 660 1040 sit
680 968 837 1061 Ecclesiae
855 968 1030 1056 doctrino,
1053 969 1191 1038 minime
1210 995 1269 1038 ne·

141 1109 232 1154 cesse
256 1109 326 1154 esse
350 1099 391 1152 ut
417 1109 534 1154 omnes
560 1086 700 1152 omnino
720 1082 889 1172 ccclesiae,
914 1084 1016 1150 etiam
1041 1083 1205 1170 haeretica
1232 1097 1268 1152 et

141 1201 385 1286 schismaticae,
407 1197 495 1268 idem
509 1199 675 1268 doceant?
689 1198 851 1292 Alioquin
867 1199 995 1267 incerta
1013 1211 1113 1264 crunt
1133 1196 1267 1265 decreta

141 1316 298 1401 uicena,
314 1314 394 1407 quia
413 1337 452 1382 ea
474 1337 544 1383 non
568 1314 793 1384 admittebant
811 1311 958 1382 ccclesias
972 1313 1112 1397 arianac3
1129 1311 1220 1404 quod
1235 1323 1268 1379 et

142 1428 182 1496 de
198 1429 327 1498 caeteris
349 1429 531 1498 heresibus
550 1428 730 1498 dicendum
754 1430 856 1498 venit.
883 1425 1066 1518 Quomodo
1086 1451 1155 1495 nou
1185 1425 1268 1494 vidit

141 1558 271 1613 certum
282 1567 353 1612 esse
367 1537 460 1637 quod
478 1543 580 1612 hodie
599 1543 698 1613 docet
717 1557 751 1612 et
768 1542 888 1612 delinit
899 1541 1068 1630 Ecclesia,
1084 1540 1166 1634 'licet
1179 1541 1268 1610 idem

141 1681 297 1752 expresse
317 1681 387 1726 nou
410 1657 581 1728 definierit
601 1658 815 1753 antiquitus?
832 1655 993 1750 Alioquin
1022 1654 1115 1725 nulla
1141 1654 1268 1725 valebit

141 1771 297 1842 Ecclesia
315 1771 486 1859 delinitio,
508 1773 587 1865 quia
610 1788 708 1842 antea
730 1797 785 1842 res
800 1773 913 1841 adhuc
928 1771 1099 1865 disputata
1124 1785 1159 1838 et
1181 1793 1267 1838 non·

141 1887 223 1956 dum
248 1886 402 1958 definita.
432 1887 637 1980 Hujusmodi
665 1889 835 1983 opinionis
864 1903 1025 1982 patronos
1048 1889 1095 1956 sic
1117 1884 1267 1980 alloque-

141 2027 219 2080 mur,
235 2028 243 2070 :
259 2002 437 2072 admittitis
455 2004 577 2098 primo
599 2003 783 2072 Ecclesiam
810 2002 1012 2072 catholicam
1045 2026 1117 2070 esse
1142 2003 1177 2069 in
1204 2001 1265 2069 do-

139 2116 246 2184 cendo
286 2113 524 2184 infallibilem:
547 2117 726 2186 admittitis
766 2115 923 2186 secundo
956 2117 1045 2184 hanc
1075 2116 1268 2183 inerrantiae

138 2231 395 2325 praerogativam
413 2233 594 2301 constanti
618 2229 737 2300 saltem
768 2229 931 2300 doctrinm
959 2225 1266 2322 sedisapostolicae

138 2360 351 2440 competere,
368 2371 447 2414 cum
461 2361 496 2414 et
516 2347 578 2440 ipsi
603 2344 760 2442 gallicani
782 2359 918 2415 teneant
939 2369 1008 2412 non
1022 2367 1119 2437 posse
1142 2347 1267 2413 Roma·

139 2485 215 2528 nam
236 2458 421 2528 Ecclesiam
438 2459 661 2555 perlongum
679 2473 814 2555 tempus
833 2463 867 2529 in
884 2459 950 2528 fide
963 2483 1097 2546 errare,
1122 2458 1180 2526 sed
1195 2473 1268 2526 tan·

138 2589 209 2642 tum
229 2574 427 2644 brevissimo
442 2588 474 2642 et
490 2599 557 2642 non
573 2575 739 2644 duraturo
759 2573 854 2669 lapsu
872 2600 880 2642 :
899 2574 1079 2644 admittitis
1089 2574 1190 2643 tertio
1204 2577 1267 2643 Ec·

140 2688 274 2758 clcsiam
301 2713 361 2781 per
387 2687 541 2784 liturgias
569 2713 646 2758 suas
665 2713 745 2757 vere
771 2703 804 2758 et
828 2689 966 2783 proprie
994 2689 1129 2775 docere,
1149 2704 1184 2756 ct
1201 2691 1267 2758 hoc

138 2804 349 2898 principium
366 2827 498 2872 summo
513 2803 585 2872 zelo
610 2807 756 2899 urgetis,
775 2819 814 2872 ut
839 2804 1023 2874 ostendatis
1042 2831 1083 2874 cx
1110 2803 1267 2899 liturgia-

140 2943 218 2988 rum
242 2917 425 2986 concordia
440 2941 538 3012 posse
558 2918 757 3012 dogmatum
774 2942 834 3011 per
849 2943 903 2986 eas
925 2941 1161 3010 expressorum
1181 2921 1268 2988 veri·

139 3046 243 3102 tatem
271 3033 506 3101 demonstrari.
527 3031 563 3100 si
580 3056 663 3126 ergo
678 3030 865 3099 infallibilis
885 3033 928 3100 sit
949 3030 1096 3100 Ecclesia
1115 3035 1269 3102 Romana

140 3145 223 3217 dum
237 3147 367 3241 aliquid
391 3146 559 3243 dogmatis
586 3162 783 3216 constanter
802 3146 916 3236 docct;
944 3149 970 3216 si
988 3145 1127 3218 aliunde
1149 3173 1210 3241 per
1229 3147 1268 3216 li-

142 3264 289 3357 turgiam
307 3262 409 3330 iidem
427 3262 628 3355 profiteatur
644 3276 678 3331 et
702 3262 843 3348 doceat;
862 3263 1036 3356 quomodo
1063 3287 1131 3331 non
1148 3262 1268 3332 videtis

138 3392 268 3446 certam
287 3375 355 3445 hoc
367 3378 519 3470 ipsoesse
532 3377 721 3446 doctrinam
741 3403 816 3471 quac
837 3378 872 3445 in
890 3377 1028 3470 liturgia
1041 3383 1194 3447 Romana
1209 3402 1268 3444 cx·

142 3515 253 3586 pressa
271 3491 464 3585 reperitur?
477 3492 669 3586 Liturgiam
686 3492 777 3559 enim
794 3515 888 3560 suam
907 3515 976 3558 non
990 3504 1100 3559 mutat
1118 3488 1268 3558 Ecclesia

142 3611 296 3676 Romana
313 3606 455 3701 singulis
471 3606 589 3675 diebus
608 3620 667 3676 aut
688 3606 876 3694 mensibus3
896 3620 998 3700 atque
1019 3605 1103 3676 adeo
1129 3630 1269 3676 erronea

142 3721 207 3789 dici
223 3736 400 3814 nequeunt
414 3721 573 3816 dogmata
591 3747 652 3815 por
669 3719 763 3792 illam
783 3720 957 3817 liturgiam
973 3745 1152 3815 expressa,
1174 3747 1268 3791 exeo

143 3835 236 3929 quod
254 3836 363 3928 (juxta
384 3833 582 3932 gallicanos)
612 3834 761 3906 Ecclesia
788 3840 942 3905 Romana
963 3837 1069 3931 possit
1100 3835 1142 3903 ad
1168 3837 1270 3905 breve

144 3963 275 4044 tempus
290 3951 380 4018 circa
399 3949 500 4020 lidem
518 3975 643 4020 errare.
670 3953 854 4040 Quomodo
873 3977 943 4020 non
958 3951 1079 4020 videtis
1097 3966 1223 4020 certam
1251 3978 1271 4021 a

143 4061 278 4131 fortiori
297 4087 369 4133 esse
383 4063 572 4136 doctrinam
602 4091 704 4161 quam
735 4067 835 4135 simul
855 4093 932 4138 cum
954 4067 1101 4137 Ecclesia
1117 4070 1270 4136 Romana

145 4177 179 4244 in
198 4179 268 4247 suis
285 4177 432 4274 liturgiis
449 4180 645 4275 exprimunt
663 4197 697 4250 et
716 4181 924 4275 profitentur
939 4181 1095 4276 plurimae
1111 4182 1203 4250 orbis
1217 4205 1271 4250 ca·

146 4292 262 4362 tlrolici
289 4293 464 4364 ecclesiae?
484 4299 574 4391 Ergo
599 4311 638 4366 ut
661 4323 701 4367 ex
721 4297 858 4394 liturgia
880 4312 972 4370 certo
986 4295 1144 4366 concludi
1166 4295 1272 4388 possit

146 4406 317 4503 dogmatis
330 4408 473 4505 alicujus
488 4414 628 4502 veritos,
651 4439 721 4482 non
736 4439 869 4484 neccsse
887 4429 936 4483 est
957 4428 994 4482 ut
1016 4414 1167 4482 omnium
1188 4425 1271 4481 tcm-
