3004 5070
491 386 538 432 ns
561 385 650 432 ruas
673 384 881 434 ntrunotco.
1175 363 1242 434 281

128 507 291 580 addente.
304 508 525 580 Consuetudo
533 509 624 579 euim
636 506 693 578 illa
707 506 856 604 legitime
867 510 1083 604 praescribere
1096 510 1248 603 nequivit

126 625 252 717 absque
270 626 374 694 tacito
390 625 523 694 Summi
536 624 710 694 Pontificis
726 649 907 694 consensu.
926 625 962 694 Si
975 640 1089 696 autem
1108 649 1249 694 consen

126 765 181 809 sus
201 738 279 826 ille,
300 739 346 808 ob
371 738 479 808 dictas
500 740 669 823 rationes,
695 737 844 834 legitime
862 739 1020 833 praesumi
1043 764 1112 808 non
1136 753 1247 832 potest

123 853 430 947 quoadecclesiam
454 856 490 922 ia
512 879 580 950 qua
604 856 771 925 retinetur
796 854 934 947 liturgia
952 853 1024 948 jem
1042 855 1169 949 vigens,
1188 854 1246 924 sed

124 969 347 1039 ducentorum
362 994 531 1038 annorum
547 971 751 1063 antiquitate
764 970 888 1054 minor,
904 994 924 1038 a
941 968 1074 1038 fortiori
1088 971 1245 1065 praesumi

114 1107 192 1154 uon
208 1083 306 1154 debet
318 1083 431 1177 quoad
446 1082 619 1154 ecclesiam
635 1108 711 1178 quae
722 1107 822 1154 suum
843 1084 1046 1154 breviarium
1064 1100 1098 1154 et
1115 1085 1248 1156 missale

123 1197 335 1292 relinquens,
356 1198 399 1268 ad
423 1197 518 1268 aliud
541 1199 604 1292 ipsi
630 1223 785 1292 expresse
801 1201 945 1268 vetitum
971 1199 1104 1292 migrat.
1122 1199 1246 1269 ¹Potius

124 1315 214 1382 enim
235 1313 401 1384 censenda
418 1314 508 1384 soret
522 1313 618 1384 sedes
638 1313 832 1410 Apostolica
851 1313 1043 1410 indulgere,
1060 1329 1100 1384 nt
1110 1316 1181 1408 jam
1194 1313 1245 1382 ri-

121 1451 203 1521 gens
221 1426 319 1515 ritus,
339 1426 418 1498 licet
435 1453 503 1497 nou
527 1426 615 1498 adeo
631 1429 806 1520 antiquus,
830 1442 1098 1498 conserit-aretur.

170 1541 364 1612 Notandum
388 1556 502 1612 antem
529 1557 579 1613 est
607 1541 717 1612 multo
749 1543 856 1638 magis
886 1542 1143 1636 vituperandam
1170 1541 1243 1612 sore

121 1653 355 1748 migrationem
383 1654 426 1726 ad
452 1655 624 1749 liturgiam
653 1657 793 1728 omnino
822 1680 969 1744 novam,
994 1657 1042 1728 ita
1068 1672 1108 1726 ut
1129 1656 1243 1750 quoad

121 1767 339 1840 substantiam
358 1768 490 1844 diversa
507 1785 593 1842 esset
611 1771 654 1840 ab
669 1771 762 1842 omui
778 1771 916 1866 liturgia
934 1773 969 1842 iu
983 1771 1130 1844 ecclesiis
1143 1787 1241 1842 antea

122 1884 254 1976 vigente
265 1898 298 1954 et
318 1884 479 1977 probata3
495 1885 587 1977 quie,
600 1883 730 1956 secluso
745 1885 846 1956 etiam
858 1886 965 1957 Piano
976 1886 1124 1973 decreto,
1137 1886 1173 1956 id
1187 1909 1241 1954 ve·

120 1997 219 2064 titum
239 1995 340 2083 foret,
356 2011 393 2066 ut
411 1996 478 2068 alio
491 1997 567 2068 loeo
584 1997 806 2072 ostendimus.

18 2207 19 2210 Ἴ
167 2113 292 2180 Praeter
312 2111 473 2183 adductas
496 2113 662 2201 rationes,
685 2113 806 2184 thesim
826 2125 953 2184 certant
976 2114 1116 2184 omuino
1135 2113 1237 2202 facit,

117 2226 314 2319 nuperrima
339 2251 440 2299 sacrae
467 2226 754 2321 congregationis
780 2227 908 2300 rituum
935 2209 1142 2316 declaratio,
1172 2228 1239 2298 diei

111 2362 164 2412 .1o
181 2339 351 2432 juauuarii
380 2341 486 2414 1852.
508 2342 708 2436 Expouebat
726 2342 930 2412 reverendus
951 2343 1142 2414 canonicus.
1160 2345 1239 2412 Lut-

115 2455 191 2542 tiu,
215 2456 251 2525 in
273 2455 411 2529 ecclesia
440 2456 711 2546 Cenomanensi,
734 2482 810 2550 quae
833 2458 970 2552 propria
994 2457 1131 2552 liturgia
1155 2455 1239 2552 legi·

118 2568 200 2640 time
216 2570 389 2658 utebatur,
406 2597 499 2642 anuo
517 2571 609 2667 1748
624 2571 810 2642 conflatum
824 2587 926 2667 atque
942 2572 1121 2644 inductum
1136 2572 1240 2644 luisse

115 2709 243 2758 norum
269 2686 472 2758 breviarium
501 2712 696 2782 novumque
723 2687 871 2778 missale,
897 2715 917 2760 a
940 2689 1049 2785 priori
1070 2691 1240 2760 Cenoma·

115 2801 211 2870 nensi
234 2801 499 2876 substantialiter
521 2801 709 2890 diversum
736 2803 995 2898 postulabatque
1018 2804 1061 2874 ab
1084 2803 1239 2872 eminen-

115 2913 251 2986 tissimis
269 2916 425 2988 Patribus
440 2914 625 2990 declarari:
642 2921 766 2988 Utrum
781 2917 909 2988 saltem
925 2916 1240 3012 luesiermodilitnr·

45 3019 47 3024 ’
111 3031 236 3124 ginni
242 3032 535 3128 praescriptionis,
555 3057 618 3102 seu
635 3030 897 3103 consuetudines
917 3031 1112 3118 saeculttris,
1124 3029 1238 3124 sacta

112 3145 162 3216 sit
182 3142 357 3238 legitima,
377 3148 429 3220 ito
451 3163 493 3220 nt
509 3145 614 3220 nodie
628 3146 775 3244 quilibet
790 3143 954 3218 sacerdos
969 3147 1240 3218 Cenomanensis

107 3262 330 3358 possitgenm
355 3277 431 3334 tnta
456 3263 670 3334 conscientia
692 3263 862 3334 servare?
882 3265 983 3332 Sacra
1007 3276 1123 3332 autem
1145 3265 1239 3332 Con-

114 3374 268 3466 gregatio
297 3376 473 3469 respondit
504 3383 674 3474 negative.
706 3378 894 3472 Responsio
918 3391 1033 3446 autem
1060 3374 1136 3457 illa,
1161 3374 1240 3446 licet

112 3511 178 3580 pro
199 3512 278 3560 casu
300 3490 496 3582 particulari
513 3491 657 3564 eeclesia
678 3491 942 3564 Cenomanensis
968 3491 1078 3576 lacta,
1100 3489 1239 3586 attingit

108 3625 232 3673 omnes
250 3603 405 3678 ecclesias
417 3632 493 3700 quie
505 3607 540 3678 in
553 3607 656 3679 simili
673 3633 753 3678 casu
775 3623 963 3691 versantur,
976 3631 1016 3676 ac
1028 3604 1188 3701 proinde,
1199 3619 1237 3676 ut

111 3730 217 3809 patet,
237 3743 355 3790 omnes
375 3721 531 3792 ecclesias
549 3722 591 3794 de
612 3723 739 3816 quibus
755 3724 789 3792 in
810 3722 965 3819 prmsenti
985 3722 1071 3790 tlresi
1091 3721 1234 3815 agimus

111 3831 215 3902 Unde
238 3834 509 3908 concludendum
528 3837 675 3926 videtur,
701 3839 867 3909 breviaria
889 3852 923 3906 et
945 3834 1091 3906 missalia
1106 3835 1154 3903 sic
1168 3832 1238 3904 ille·

107 3950 228 4045 gitime
247 3950 452 4041 introducta,
467 3954 694 4024 nonobstante
707 3954 925 4048 quantumvis
939 3952 1041 4048 longa
1055 3967 1237 4024 consuetu·

103 4065 201 4143 dine,
224 4063 395 4158 illegitima
408 4069 625 4154 remansisse3
642 4091 683 4136 ac
704 4069 848 4161 proinde
866 4067 996 4162 eosqui
1015 4065 1080 4137 illis
1090 4083 1236 4137 utuntur

110 4178 312 4272 obligationi
327 4180 488 4252 horarum
503 4184 746 4254 canonicarum
765 4207 836 4252 non
857 4182 1060 4270 satisfacere,
1080 4205 1141 4251 nec
1158 4203 1236 4249 suos

109 4292 222 4366 facere
243 4294 483 4368 beneficiorum
507 4299 651 4372 sauctus.
677 4297 784 4388 Quod
805 4312 897 4392 patet
917 4311 1079 4393 preterea
1104 4320 1146 4364 ex
1167 4293 1235 4364 elio

109 4407 226 4496 dubio,
250 4435 270 4479 a
294 4413 490 4508 supradicto
514 4414 680 4486 canonico
698 4415 817 4484 Lottin
838 4413 1035 4510 proposito:
1051 4409 1235 4508 postulavit
