2978 5076
478 376 523 422 ns
547 369 635 423 snas
659 373 867 424 crruaerco.
1165 356 1236 430 205

110 529 130 566 a
152 499 352 570 interclusus
368 501 413 570 sit
429 499 541 573 aditus
557 504 731 572 erroribus
751 503 910 572 omnibus
932 518 964 572 et
979 503 1145 594 absurdis,
1160 531 1236 601 quae

111 645 130 681 e
148 617 378 712 superioribus
394 618 603 715 temporibus
623 619 658 688 in
681 617 763 689 alias
783 617 944 713 quasdam
968 618 1131 690 editiones
1153 623 1237 692 irre·

111 763 129 796 e
147 749 422 828 pserunteasque
440 735 622 805 foedarunt.
640 764 658 801 a

159 853 250 918 Dum
267 850 312 917 ibi
328 850 453 920 dicitur
470 867 627 922 vestrum
647 854 713 921 erit
733 853 770 920 in
791 865 972 946 posterum
992 849 1062 920 duc
1084 849 1237 922 editione

108 965 172 1049 retr,
196 978 488 1060 etc.,prseceptum
511 965 767 1061 intelligendum
785 981 847 1055 est,
869 990 937 1035 non
957 965 1097 1060 simplex
1115 967 1238 1036 cobor-

108 1080 205 1148 tatio.
229 1076 375 1148 Aliunde
402 1096 532 1151 eertum
557 1082 696 1175 estjam
723 1105 792 1150 non
821 1105 919 1174 posse
940 1103 1065 1177 grecas
1081 1079 1237 1150 ecelesias

108 1193 204 1262 libris
234 1193 399 1288 liturgicis
420 1197 484 1282 uti,
501 1197 565 1265 nisi
590 1197 913 1292 aCongregatione,
934 1219 995 1288 pro
1023 1195 1233 1266 correctione

109 1307 273 1377 libroruin
291 1310 488 1404 hujusmodi
510 1312 681 1398 instituta,
698 1311 898 1404 recognitis;
918 1333 992 1402 qrrae
1014 1310 1234 1404 congregatio

109 1422 311 1518 cnclrologia
329 1451 470 1519 graecae
490 1426 650 1521 praedicto
669 1425 799 1494 diversa
819 1449 887 1492 non
903 1425 1083 1518 approbat.

157 1541 209 1608 Es
225 1540 404 1633 praecitntis
418 1538 682 1610 BenedictinV
696 1539 1011 1622 constitutionibus,
1027 1539 1107 1608 satis
1124 1537 1234 1608 elucet

109 1655 325 1723 orientalium
355 1652 569 1724 ecclesiarum
599 1655 789 1724 ordinarios
811 1655 882 1748 jam
917 1679 1031 1722 carere
1067 1668 1233 1749 potestate

108 1768 163 1838 illa
180 1769 364 1864 legislativa
385 1771 417 1840 in
431 1770 615 1865 liturgiam,
633 1797 698 1866 qua
718 1769 797 1840 olim
817 1771 865 1840 eis
882 1769 1001 1860 licebat
1021 1770 1183 1840 formulas
1200 1787 1236 1840 et

109 1886 193 1954 ritus
208 1886 241 1952 in
255 1886 457 1978 quibusdam
475 1913 544 1956 non
559 1886 834 1956 substantialibus
852 1890 1034 1981 corrigere,
1056 1885 1179 1954 addere
1200 1903 1235 1955 et

109 2003 310 2089 immutare3
327 2019 430 2098 atque
440 2004 529 2073 illam
550 2019 750 2100 potestatem
768 2005 836 2096 jam
859 2004 928 2072 sedi
949 2003 1149 2097 Apostolicae
1163 2029 1235 2072 esse

108 2119 249 2186 omnino
276 2133 492 2188 reservatam.
525 2121 606 2210 Quo
633 2135 784 2212 tempore
810 2132 845 2186 et
875 2143 941 2210 quo
967 2118 1099 2186 ratione
1119 2119 1232 2210 quoad

108 2231 255 2301 diversas
269 2233 420 2302 Orientis
441 2232 598 2303 eeclesias
618 2234 761 2302 Romani
785 2232 966 2304 Pontifices
989 2230 1123 2300 totalem
1142 2231 1232 2300 illmn

108 2348 372 2417 reservationem
397 2348 591 2434 statuerint,
611 2371 687 2416 eum
715 2347 757 2416 ad
785 2371 924 2442 scopum
938 2347 1050 2415 'nostri
1071 2359 1234 2416 tractatus

108 2463 284 2555 exquirere
300 2487 367 2530 non
392 2463 569 2556 pertineat,
593 2462 833 2558 exponendum
864 2461 1087 2556 relinquimus
1112 2463 1152 2530 iis
1176 2464 1234 2555 qui

108 2574 147 2642 de
167 2573 315 2667 liturgiae
336 2574 474 2644 historia
493 2601 532 2644 ex
549 2575 698 2670 professo
719 2589 873 2645 tractant.
893 2573 932 2642 Id
953 2589 1082 2644 certum
1098 2588 1147 2642 cst
1162 2573 1233 2667 jam

108 2715 213 2760 anon
243 2715 347 2784 parvo
376 2707 537 2790 tempore,
563 2694 648 2761 sicut
677 2691 870 2761 Occidentis
895 2689 1042 2759 ecclesiis
1068 2693 1105 2758 S.
1131 2691 1180 2760 rit
1202 2693 1235 2759 V

109 2806 276 2874 breviario
293 2821 325 2874 et
338 2805 463 2876 missali
483 2806 663 2894 adstrictis,
681 2807 773 2875 itaet
789 2807 941 2874 Orientis
955 2805 1148 2899 ademptam
1163 2829 1236 2874 esse

109 2934 306 3013 potestatem
331 2945 466 2989 omnem
482 2918 703 3014 legislativum
731 2923 819 2990 circa
844 2943 897 2990 res
916 2920 1099 3015 liturgicas,
1123 2919 1237 3005 idest,
1298 2989 1301 2996 ,

109 3051 308 3128 potestatem
328 3035 490 3105 formulas
510 3052 545 3105 et
559 3036 642 3105 ritus
662 3035 820 3122 addendi,
840 3036 1039 3104 ‹letrabemli
1056 3048 1090 3102 et
1107 3035 1236 3102 immn-

108 3151 214 3220 tandi.
238 3156 278 3220 ln
299 3153 399 3245 cujus
422 3151 648 3222 conclusionis
674 3151 964 3220 confirmationem
991 3149 1112 3218 adduci
1133 3151 1234 3218 etiarn

109 3281 219 3359 potest
231 3292 373 3361 sequens
387 3271 424 3338 S.
441 3267 722 3362 Congregatiouis
738 3268 864 3336 rituum
883 3263 1085 3336 declaratio:

156 3411 172 3446 α
191 3383 443 3472 Sanctissimus,
464 3382 519 3452 cui
536 3381 632 3452 valtle
650 3382 745 3450 cordi
764 3396 811 3450 est
835 3394 873 3448 ut
895 3377 1074 3470 orientales
1089 3374 1236 3446 ecclesius

109 3525 124 3558 u
142 3519 253 3564 mores
266 3511 305 3564 et·
319 3497 403 3565 ritus
424 3497 466 3564 ab
485 3495 679 3591 Apostolica
702 3496 779 3564 sede
796 3493 1001 3589 approbatos
1019 3506 1133 3560 exacte
1153 3515 1236 3560 cus-

108 3640 124 3674 «
143 3611 289 3694 todiant,
308 3610 462 3704 prefatas
479 3610 715 3682 innovationes
731 3610 784 3705 (r)
798 3625 831 3678 et
846 3609 874 3678 si
889 3633 963 3702 quae
981 3605 1053 3676 aliae
1073 3606 1164 3700 apud
1179 3633 1237 3677 eos

109 3755 124 3788 a
141 3727 276 3820 rigeant
296 3745 413 3796 contra
436 3727 592 3820 proprios
612 3727 706 3812 ritus,
726 3749 880 3821 expresse
899 3737 989 3793 vetat
1004 3748 1044 3792 ao
1063 3723 1234 3817 probibet,

108 3869 124 3904 «ι
143 3841 260 3934 eisque
282 3841 432 3927 mandat,
452 3856 490 3912 ut
510 3855 577 3910 tarn
597 3843 686 3912 circa
704 3866 815 3912 sacras
836 3840 1048 3910 ceremonias
1068 3838 1236 3924 inmissa,

107 3985 123 4018 a
140 3971 172 4025 ct
194 3955 298 4025 <livini
315 3956 420 4029 officii
438 3955 684 4045 recitationem,
701 3982 740 4026 ac
762 3955 957 4024 testivitates
975 3967 1236 4026 sanctorumce·

108 4100 124 4136 a
142 4070 334 4157 lebrautlas‚
352 4097 372 4142 a
385 4073 533 4167 propriis
543 4073 686 4144 rubricis
699 4087 732 4140 et
745 4069 935 4142 calendario
950 4095 1019 4140 non
1033 4069 1234 4142 recedant...

108 4215 124 4249 α
144 4189 185 4256 Et
205 4187 270 4256 boe
287 4184 463 4264 decretum
482 4188 617 4258 arornine
635 4188 830 4258 Sanctitatis
851 4211 919 4256 suae
942 4212 960 4256 a
981 4211 1074 4256 sacra
1104 4187 1233 4256 rituum

108 4452 124 4506 d
145 4365 182 4440 (l)
208 4367 232 4422 Α
257 4355 527 4435 monachissimus,
554 4369 649 4425 ordinis
661 4368 691 4425 S.
707 4368 822 4438 Antonii,
840 4369 955 4425 Venetiis
976 4364 1135 4441 degentibus,
1158 4365 1241 4422 intro·

126 4462 205 4515 actas.
