3018 5070
496 330 542 375 nn
566 329 654 382 runa
677 328 885 387 ununcrco.
1204 335 1254 412 ap

129 479 203 536 nm.
214 459 318 532 Unde
328 457 439 550 siquis
449 456 746 535 tentaretsuhdola
755 455 1256 560 liturgic-irumatationepopu

128 577 193 648 lum
204 573 355 668 aliquem
365 570 1256 670 trahereadpubliccprofitendumaliquiddogmatis,

128 691 202 762 fidei
214 688 473 788 apudeumdem
482 686 1255 786 populumuigentioppositum,frausejussta·

130 808 186 878 tim
205 820 266 874 aut
282 803 400 874 saltem
419 804 616 877 brevissimo
629 819 780 898 ternpore
799 806 930 876 cunctis
950 806 1129 880 manifesta
1147 808 1256 900 forctt

130 922 191 994 nisi
209 921 299 992 forte
320 920 366 990 ita
388 917 555 1012 ambiguis
577 919 689 995 verbis
707 933 771 992 aut
788 919 909 992 ritibus
927 922 1256 999 novamdcctriuana

132 1037 345 1134 exprimeret,
355 1035 534 1105 utnonuisi
550 1032 686 1108 difficile
699 1035 881 1108 navitatem
894 1050 954 1106 eta
969 1037 1034 1109 fide
1043 1064 1102 1140 sua
1116 1039 1258 1115 diversi·

131 1165 234 1224 tatem
248 1143 596 1246 populusdiscernere
610 1165 732 1244 posset.
751 1155 843 1245 Ergo
857 1150 970 1244 quoad
979 1175 1055 1225 eam
1068 1153 1258 1232 doctrinam

132 1291 203 1360 quea
214 1265 311 1336 olore
321 1266 355 1334 io
365 1262 477 1358 aliqua
487 1261 622 1360 liturgia
633 1265 848 1358 exprimitur,
861 1264 1017 1336 accidere
1025 1268 1260 1364 nequit(cxtna

19 1409 20 1412 ¹
133 1409 242 1456 casum
256 1381 385 1452 timoris
396 1394 459 1452 aut
474 1373 638 1452 violentia
653 1379 903 1476 adfirrgendum
919 1381 1143 1480 impellentis)¹
1152 1400 1190 1458 ut
1210 1387 1261 1458 di·
1335 1371 1341 1382 ’

134 1525 225 1596 versa
243 1499 287 1569 sit
309 1523 327 1566 a
345 1497 410 1568 tide
424 1498 496 1592 ipsa
515 1521 618 1590 quam
637 1511 727 1569 tene—t
747 1495 894 1592 populus
909 1522 948 1570 ea
967 1495 1105 1594 liturgia
1123 1514 1233 1572 utens.

177 1614 369 1712 Propositio
400 1618 447 1684 2³.
493 1617 645 1710 Dogrno.
660 1610 904 1710 quodcumque
929 1614 1084 1711 rigorose
1111 1613 1261 1698 demon-

132 1745 265 1803 stratur
277 1754 403 1800 veruna
421 1753 466 1798 ex
475 1753 516 1800 eo
529 1727 627 1829 quod.
639 1727 968 1824 cloreesprimatur
981 1731 1020 1802 in
1032 1729 1175 1828 liturgiis
1192 1738 1262 1804 Eo*

135 1847 252 1945 clesiae
272 1851 442 1919 Romane
461 1860 496 1916 et
516 1843 663 1940 orerJ'oris
672 1846 791 1942 portis
804 1860 1013 1918 caeterarum
1033 1845 1262 1922 ecclessiarum

136 1961 218 2036 Soli
237 1959 443 2058 apostolicae
465 1961 656 2033 unitorum.
682 2001 731 2016 -
751 1962 937 2035 Veraeaim
958 1962 1096 2037 Christi
1115 1963 1265 2042 Ecclesia

137 2104 245 2150 errare
275 2102 333 2148 seu
357 2101 508 2146 errorem
538 2074 693 2170 profiteri
725 2100 793 2146 non
813 2091 923 2169 potest
943 2103 951 2146 :
975 2079 1265 2170 supernaturalem

138 2188 487 2264 hancinlallibilitatis
500 2191 759 2284 praerogativam
783 2189 813 2258 ei
833 2190 974 2259 asseruit
987 2205 1026 2260 et*
1038 2190 1208 2284 pollicitus
1218 2209 1268 2266 est

138 2309 310 2394 Christus;
321 2321 356 2376 et
369 2306 434 2374 isto
446 2304 523 2376 fidei
535 2304 679 2376 articulo
693 2319 763 2376 tota
774 2305 1055 2379 nititurEcclesiae
1069 2309 1265 2384 auctoritatis

138 2427 240 2522 arqui
253 2436 380 2495 erraret
396 2421 542 2498 Ecclesia
555 2437 588 2494 et
606 2437 711 2516 portae
727 2421 826 2496 inferi
846 2422 1006 2496 adversus
1018 2449 1094 2497 eam
1110 2425 1267 2520 praevale-

139 2555 224 2628 rent,
243 2540 270 2610 si
285 2537 406 2611 falsum
425 2554 509 2615 essct
526 2538 650 2634 dogma
662 2539 904 2636 quodcumque
915 2541 949 2618 in
961 2539 1097 2637 liturgia
1112 2541 1268 2616 Ecclesia

140 2659 299 2728 Romana
319 2671 352 2725 et
371 2655 557 2729 multarum
578 2655 721 2729 aliarum
743 2657 807 2751 ipsi
828 2659 1002 2729 unitarum
1026 2657 1117 2730 clare
1136 2685 1272 2754 expres-

143 2798 215 2844 sum
236 2797 354 2858 mam,
382 2797 422 2842 ex
446 2771 652 2866 praecedenti
676 2771 1103 2866 propositione,.quaelihet
1132 2773 1272 2848 ecclesia

142 2913 213 2960 eam
228 2900 321 2956 tenet
335 2884 526 2957 doctrinam
541 2900 575 2956 et
590 2885 691 2958 fidem
706 2910 808 2981 quam
825 2889 898 2980 ejus
913 2886 1052 2982 liturgia
1059 2886 1152 2960 clare
1164 2891 1274 2982 capris

142 3005 220 3091 mit;
241 3026 323 3096 ergo
343 2999 490 3070 Ecclesia
504 3005 658 3071 Romana
673 3000 787 3070 etaliac
805 3001 971 3096 praedicta
985 3001 1132 3076 ecelesiae
1150 3003 1273 3076 salsum

143 3119 266 3214 dogma
275 3116 310 3186 in
327 3115 396 3186 suis
410 3113 556 3209 liturgiis
568 3113 657 3188 clare
668 3115 906 3209 exprimentes,
918 3115 983 3186 hoc
999 3116 1073 3211 ipso
1088 3115 1170 3188 illud
1184 3143 1276 3190 erro·

145 3259 245 3308 neum
261 3231 386 3328 dogma
406 3245 568 3325 tanquam
596 3246 725 3327 partem
753 3257 821 3304 suae
842 3231 1004 3304 doctrinae
1022 3248 1056 3304 et
1080 3232 1158 3302 fidei
1176 3249 1276 3304 tene-

143 3363 229 3437 rent,
251 3362 285 3420 et
313 3346 569 3444 profiterentur,
601 3371 640 3422 ac
664 3346 806 3442 prouida
826 3361 979 3416 errarent
1001 3347 1134 3418 infide.
1160 3349 1226 3418 Sed
1248 3349 1278 3420 si

145 3489 240 3538 error
253 3463 415 3534 invadere
434 3463 539 3558 possit
550 3460 734 3532 Ecclesiam
752 3465 940 3530 Romanam
955 3475 989 3530 et
1000 3461 1162 3556 majorem
1177 3462 1278 3534 simul

145 3596 276 3676 partem
295 3597 494 3653 caeterarum
505 3580 567 3675 ipsi
583 3577 767 3666 unitarum,
778 3577 812 3647 id
827 3593 1026 3672 est,sponsae
1035 3577 1162 3650 Christi
1177 3595 1280 3675 caput

147 3696 246 3767 simul
259 3722 336 3766 curn
353 3696 475 3790 majori
487 3697 638 3790 corporis
654 3707 760 3788 parte,
776 3692 845 3788 jam
864 3719 988 3788 sponsa
999 3693 1281 3770 illaimmaculata

148 3811 212 3882 dici
227 3813 346 3910 nequit
362 3826 394 3884 et
416 3808 603 3882 infallibilis
624 3835 633 3879 ι
653 3835 734 3905 ergo
754 3836 831 3882 curn
847 3827 977 3880 certum
994 3812 1037 3881 sit
1055 3837 1073 3882 e
1094 3827 1213 3882 contra
1227 3813 1281 3884 in·

147 3927 323 4028 fallibilem
350 3953 420 3998 esse
440 3924 626 3998 Ecclesiam
649 3924 848 3998 catholicam
867 3926 900 3996 in
916 3926 1194 4021 profitendasrde,
1211 3953 1284 4002 cer·

147 4060 219 4114 tum
239 4046 366 4140 pariter
390 4057 528 4116 estnon
550 4067 647 4140 posse
663 4040 848 4114 Ecclesiam
871 4048 1060 4116 Romanam
1082 4043 1183 4117 simul
1205 4061 1285 4120 cum

149 4159 263 4230 multis
290 4158 364 4230 aliis
385 4161 448 4232 sibi
475 4160 579 4236 uultis
599 4157 746 4233 ecclesiis
770 4183 950 4238 erroneum
974 4159 1097 4256 dogma
1112 4161 1284 4267 profiteri3

150 4302 231 4376 ergo
255 4294 389 4352 certum
408 4293 460 4374 est
479 4303 549 4351 non
567 4302 664 4374 posse
685 4274 808 4348 salsum
827 4275 950 4372 dogma
977 4275 1065 4347 clare
1082 4277 1226 4374 exprimi
1249 4275 1285 4344 in

151 4397 313 4472 Romanae
341 4395 500 4472 Ecclesiae
516 4411 550 4492 ct
568 4393 757 4472 multarum
784 4393 882 4468 simul
906 4393 1049 4467 aliarum
1068 4393 1287 4468 ecclesiarum

982 4572 985 4577 .
1077 4538 1112 4588 2.
