2982 5072
507 383 553 428 DE
578 383 592 428 J
600 382 666 430 HM}
691 383 898 430 Lta'uttfflcO.
1194 385 1265 459 119

136 541 154 574 a
168 510 345 580 statuistis.
374 509 439 580 Curi
466 533 541 604 ego.
558 509 715 604 respondi
738 511 818 604 quia
839 511 875 580 in
900 509 996 580 nullo
1022 535 1139 582 eorum
1163 511 1263 582 aliam

135 657 152 692 e
169 625 345 698 etroleeirm
357 626 470 696 secuti
492 649 620 696 sumus.
639 629 727 696 Nam
743 625 937 697 utullelur'a
951 627 1007 697 liic
1020 627 1204 717 diceretur,
1221 630 1266 698 de

134 772 152 806 a
168 740 453 836 ierosolymorum
481 738 619 810 eeclesia
649 765 691 809 cu
719 741 810 810 beati
835 743 1036 837 Hieronymi
1057 744 1260 832 traditione,

134 889 151 922 «
169 874 326 951 tempore
339 857 443 926 motae
457 856 628 926 memorias
644 856 788 926 Damasi·
799 860 914 952 Papa,
934 859 1081 929 traditur
1101 874 1264 941 tractuum

135 1003 152 1037 a
167 988 202 1042 ct
215 973 293 1041 ideo
312 972 419 1067 magis
433 972 467 1040 iu
486 971 550 1040 lmc
562 995 599 1039 re
612 969 704 1040 illam
720 972 1001 1042 conuictudinem
1013 976 1263 1068 amputavimus

135 1113 248 1182 aqna
268 1089 325 1157 bic
343 1113 364 1156 a
385 1087 515 1158 Graeeis
532 1087 643 1156 fuerat
663 1086 798 1156 tradita.
823 1083 1055 1158 subdiaconos
1082 1103 1194 1161 auteur
1223 1104 1264 1159 ut

135 1203 331 1297 «spoliatos
346 1201 530 1298 procudere
541 1201 707 1289 iacerem,
722 1203 860 1296 antiqua
872 1203 1084 1272 consuetudo
1102 1203 1180 1272 fuit.
1198 1205 1263 1274 sed

134 1346 150 1382 a
169 1317 444 1410 pla-cuircuidam
462 1332 578 1386 nostru
594 1317 772 1404 Pontifici,
794 1319 906 1388 nescio
923 1320 996 1406 cni,
1013 1298 1073 1412 qni
1086 1345 1144 1387 eos
1160 1322 1263 1388 vesti-

135 1462 151 1496 «
169 1447 222 1502 tos
246 1433 430 1528 procedere
443 1437 609 1528 praecepit.
633 1437 720 1504 Nam
741 1445 856 1505 vestrm
868 1434 1015 1504 ecclesia
1028 1435 1184 1530 nunquid
1199 1450 1264 1506 tra·

136 1579 152 1612 n
169 1531 336 1617 ditionem
358 1573 376 1617 a
400 1550 526 1620 Graecis
544 1551 771 1644 acceperunt?
793 1549 894 1621 Unde
912 1551 1038 1620 liabent
1060 1575 1142 1644 ergo
1163 1550 1265 1620 ltodie

135 1693 151 1728 n
165 1679 206 1733 ut
229 1663 427 1733 subdiaconi
450 1663 545 1734 lineis
557 1667 600 1733 in
617 1666 739 1734 tunicis
752 1665 955 1762 procedant,
974 1666 1041 1738 nisi
1063 1666 1141 1760 quia
1160 1666 1265 1736 hoca

134 1794 280 1848 «matre
296 1803 356 1848 suu
375 1785 528 1850 Romus
548 1779 696 1852 Ecclesia
716 1781 991 1876 perceperuntls

183 1895 280 1964 ltlcm
295 1895 484 1990 Gregorius
496 1900 642 1991 Magnus
661 1898 801 1992 Arcgio,
818 1897 986 1992 Agapensi
1006 1897 1041 1965 in
1056 1895 1177 1968 Galliis
1188 1899 1266 1992 Epi·

134 2035 253 2106 scopo,
272 2009 468 2081 facultatem
482 2011 563 2080 fecit
581 2011 794 2082 dalmaticam
814 2012 986 2106 gestandi3
1003 2036 1074 2106 quo
1086 2011 1265 2108 privilegio

134 2129 241 2220 ipsius
253 2129 355 2197 etiam
380 2127 657 2196 archidiaconum
674 2127 872 2196 donavisse
885 2131 1051 2198 Praeterea
1075 2127 1266 2200 communis

134 2272 152 2306 n
170 2240 259 2312 lilius
282 2247 404 2312 Petrus
430 2240 593 2312 duconus
615 2241 717 2310 nobis
733 2242 883 2312 innotuit
900 2238 960 2334 (at
976 2256 1030 2312 est
1055 2241 1264 2310 innotescere

136 2385 152 2422 a
170 2358 272 2451 lecit)
290 2357 383 2450 quod
403 2356 598 2426 frat-emitas
623 2371 733 2425 vestra
765 2371 917 2450 tempore
935 2379 1004 2449 quo
1022 2354 1080 2424 liic
1093 2354 1179 2438 fuit,
1196 2379 1266 2448 po*

135 2473 315 2568 «posuerit
335 2483 374 2542 ut
392 2473 454 2540 sibi
476 2488 509 2541 ct
535 2473 775 2544 archidiacono
794 2497 856 2540 suo
884 2469 1001 2541 utendi
1021 2467 1209 2540 dalmaticis
1223 2468 1265 2539 li-

135 2617 151 2652 a
164 2588 312 2658 centiam
324 2587 604 2682 preberemus...
619 2589 722 2682 liujus
747 2588 955 2656 auctoritatis
970 2585 1025 2682 (r)
1042 2599 1168 2656 nostru
1178 2585 1266 2656 serie

136 2705 275 2798 «petita
289 2703 521 2791 concedimus,
546 2719 649 2798 atque
667 2719 704 2772 te
715 2702 766 2774 vol
786 2703 1061 2773 archidiaconum
1082 2719 1178 2772 tuum
1193 2699 1265 2772 dal·

134 2849 151 2883 a
166 2820 367 2888 maticarurn
392 2844 455 2888 usu
472 2818 685 2888 decorandos
711 2843 784 2888 esse
800 2817 1055 2888 concessimus»
1072 2814 1265 2912 (Epistola-

134 2963 150 2998 ιι
166 2959 243 3002 rum
264 2932 321 3002 lib.
342 2957 396 3023 rx,
418 2918 518 3029 epist.
547 2957 625 3030 107,
640 2933 720 3002 edit.
742 2935 879 3027 Mignc,
896 2947 919 3002 t.
942 2935 1012 3018 III,
1030 2957 1067 3026 p.
1090 2931 1210 3026 1034).

182 3054 265 3119 Haec
282 3073 346 3144 ego
361 3075 379 3116 e
398 3074 454 3116 sex
469 3049 639 3142 prioribus
656 3046 812 3116 Ecclesiae
831 3046 959 3115 saecnlis
977 3045 1159 3140 pontificiae
1174 3047 1262 3116 circa

135 3161 307 3257 liturgiam
338 3161 557 3257 legislationis
576 3159 729 3257 exemplu
752 3161 972 3256 deprompsi:
994 3185 1103 3255 pauca
1126 3160 1261 3254 quidem

135 3305 174 3349 ex
194 3277 323 3365 munis,
345 3303 439 3372 quae,
459 3302 527 3345 non
553 3278 711 3348 obstante
733 3278 1033 3346 monumentorum
1056 3276 1158 3368 hujus
1175 3290 1261 3346 tem·

135 3395 229 3488 poris
248 3392 404 3488 penuria,
416 3393 459 3460 ab
472 3392 614 3460 eruditis
629 3393 770 3486 reperiri
792 3414 890 3486 posse
899 3389 1100 3458 existimem.

182 3507 237 3578 Ad
244 3507 408 3600 sequiora
418 3529 497 3576 veto
511 3517 663 3600 tempora
675 3505 703 3574 si
717 3505 945 3592 deveniamus,
963 3502 1074 3572 sedern
1090 3503 1261 3597 Apostoli·

134 3647 208 3692 carn
221 3623 329 3716 magis
346 3621 508 3715 armagis
526 3621 605 3690 huic
618 3620 661 3690 dc
675 3645 713 3690 re
730 3620 886 3714 liturgica
906 3616 1109 3712 legislationi
1129 3619 1262 3688 incum-

133 3740 274 3810 bentem
294 3737 497 3832 reperimus;
527 3737 573 3805 ita
601 3751 641 3806 nt
667 3762 740 3807 earn
769 3737 832 3805 sibi
863 3735 999 3804 demum
1020 3748 1128 3804 totam
1147 3734 1262 3828 quoad

133 3851 315 3922 orientales
334 3849 432 3922 simul
453 3865 486 3920 et
503 3850 729 3920 occidentales
756 3850 913 3950 ecclesias
935 3863 1092 3919 reservet.
1120 3851 1263 3918 Sanctus

133 3990 258 4062 nempe
270 3965 534 4061 Gregorius-VII
554 3967 588 4034 in
604 3966 764 4060 Hispania
782 3969 968 4035 Romanam
986 3963 1169 4059 liturgiam,
1184 3964 1262 4034 snb·

134 4083 204 4153 lata
216 4083 446 4170 Mozarabica,
461 4080 619 4175 usurpari
639 4081 800 4177 praecipit.
819 4079 1010 4150 Alexander
1023 4084 1075 4153 ΙΙΙ
1093 4077 1264 4150 beatifica·

172 4337 210 4411 (Ι)
229 4337 261 4392 In
273 4308 535 4394 veterteectesnntoe
550 4337 613 4412 stylo
625 4343 797 4394 auctoritates
805 4344 988 4412 truncnpantnr
1005 4336 1119 4410 ipsemet
1131 4333 1264 4388 Remune-

134 4427 358 4488 renuentium-1
374 4427 498 4501 epinelrr.
