3004 5070
226 345 302 444 ἱ308
690 360 897 410 rotmarus

231 491 422 588 plenissime
444 501 595 574 constat,
619 487 716 556 editae
734 499 814 556 sunt
835 484 870 554 in
896 479 1125 578 publicatione
1138 484 1193 554 cui
1211 483 1355 556 titulus:
1429 547 1432 552 .

232 603 541 702 Correspomlance
555 601 598 672 ele
620 608 745 691 Rome,
766 600 823 670 die
845 601 887 684 tl
906 599 1020 669 martii
1041 596 1144 671 1851.

279 723 375 792 Idem
390 721 610 816 sequiturex
626 717 750 786 recenti
777 714 926 808 ejusdem
950 739 1052 784 sacrae
1076 715 1358 810 Congregationis

230 861 391 932 responso
404 835 447 905 ad
464 833 578 920 dubia,
593 857 612 902 a
630 827 826 901 Reverendo
835 829 967 917 Lottin‚
978 830 1243 900 Cenomanensis
1253 830 1359 902 ecclc-

230 955 286 1022 siae
305 949 482 1036 canonico,
503 948 689 1041 proposita.
708 947 804 1015 Inter
823 958 941 1013 caetera
960 944 1049 1012 enirn
1069 943 1114 1014 ita
1133 960 1360 1038 proposuerat

214 1065 412 1164 praedictus
426 1062 634 1134 canonicus:
654 1059 812 1130 Etiamsi
827 1056 977 1128 ecclesia
1000 1060 1277 1130 Cenomanensis
1291 1057 1362 1128 sib·

220 1180 274 1252 'de
302 1181 470 1252 breuiario
494 1193 531 1247 et
553 1174 695 1246 missali
717 1175 843 1244 iterum
869 1189 977 1271 atque
1000 1174 1128 1244 iterum
1156 1189 1194 1244 nt
1218 1173 1362 1246 libuerit

225 1293 412 1392 prouidere
428 1307 549 1390 queat,
565 1315 614 1360 an
628 1285 831 1359 istiusmodi
832 1285 1000 1382 facultas
1013 1286 1236 1360 catendenda
1248 1291 1297 1361 sit
1314 1289 1365 1360 ael

216 1409 448 1510 pontificale,
470 1403 715 1478 caerenmm'ale
730 1408 996 1500 Episcrproram,
1015 1405 1305 1502 nrctrtsmlogtiem
1326 1423 1361 1476 et

230 1524 358 1597 rituale
376 1530 572 1595 [tamarcem
585 1550 598 1601 ‚·
614 1521 668 1592 ita
684 1517 848 1590 vilelicet
869 1534 910 1588 ut
925 1521 1158 1616 praeceptivus
1169 1519 1361 1615 predicto·

213 1666 307 1712 -rum
335 1637 500 1709 librorum
525 1633 690 1734 regulas,
712 1633 883 1704 tolerante
902 1659 1029 1730 nempe
1048 1651 1112 1705 ant
1132 1641 1362 1730 permittente

212 1772 294 1828 ,aut
311 1755 419 1824 etiarn
442 1752 550 1822 aliter
563 1747 744 1848 qmilpinm
760 1765 938 1820 emanente
956 1749 1256 1822 Reverendissimo
1277 1753 1362 1846 Epi·

229 1893 348 1964 scop0‚
365 1865 642 1938 canonicatum
652 1863 1006 1960 sacerdotespassint
1019 1863 1131 1935 illesa
1144 1866 1362 1935 conscientia

231 1982 430 2079 infringere
453 1989 520 2050 aut'
536 1980 718 2063 omittere,
740 1979 861 2075 sicque
879 1975 1159 2048 reverendissimi
1189 1979 1365 2074 Episcopi

231 2096 400 2168 valtanas
416 2094 472 2164 leis
496 2095 535 2162 in
555 2089 699 2162 casibus
718 2093 767 2163 sit
782 2117 854 2189 pro
870 2093 959 2188 ipsis
976 2090 1160 2186 sufficiens
1173 2091 1362 2190 rd'spensa·

213 2213 310 2282 'tial
331 2213 433 2281 Sacra
457 2233 537 2278 vero
552 2206 782 2302 Congregatio
805 2206 860 2277 die
888 2231 930 2278 10
952 2206 1099 2300 januarii
1124 2204 1215 2278 1852
1239 2211 1362 2278 rescri-

230 2324 379 2396 bendum
399 2324 544 2410 censuit,
560 2323 719 2420 negative
732 2321 947 2418 etamplius.

282 2439 459 2510 Stantibus
481 2453 594 2508 autem
612 2438 715 2508 biset
733 2436 901 2506 similibus
920 2436 1216 2537 declarationibus,
1231 2441 1361 2512 etiamsi

209 2609 214 2618 .
232 2555 314 2626 olim
335 2581 389 2626 rcs
405 2553 617 2654 aliquatenus
631 2553 733 2622 dubia
750 2552 882 2642 fuisset,
899 2569 933 2622 et
950 2556 1040 2626 inter
1053 2553 1207 2626 doctores
1224 2572 1364 2628 contro·

233 2695 343 2762 versa,
362 2695 453 2740 nunc
469 2694 531 2763 pro
546 2668 697 2762 judicata
711 2669 851 2740 omnino
865 2670 1021 2740 habenda
1036 2685 1099 2740 est.

278 2786 325 2854 '6¹⁰
345 2784 582 2882 Respondetur
601 2785 787 2854 rationibus
799 2787 1027 2856 contrariis‘in
1047 2786 1246 2880 praecedenti
1267 2811 1365 2882 para·

234 2902 367 3000 grapho
384 2900 554 2996 expositis.
571 2937 619 2952 -··
634 2898 750 2970 Altera
767 2899 1009 2970 desumebatur
1025 2926 1066 2972 ex
1083 2927 1164 2971 voce
1178 2901 1367 2973 dartanaer

232 3045 302 3114 qua
326 3018 434 3088 utitur
457 3012 584 3087 Paulus
607 3017 639 3085 V
662 3015 696 3084 in
723 3014 929 3109 publicando
952 3015 1067 3088 rituali
1094 3021 1260 3088 Romano.
1288 3020 1363 3088 Jarn

232 3143 316 3202 'vero
332 3129 545 3203 ostendimus
559 3156 676 3202 vocem
693 3131 781 3200 banc
800 3156 869 3201 non
883 3131 1048 3230 impedire
1061 3133 1142 3227 quiin
1159 3149 1364 3228 praeceptum

235 3249 374 3343 proprie
387 3247 516 3316 dictum
531 3246 697 3340 exprimat
712 3247 816 3339 bujus
832 3246 1005 3316 Pontificis
1023 3248 1236 3318 constitutio.
1248 3247 1366 3318 Altera

236 3364 334 3449 ratic,
363 3362 542 3458 desumpta
568 3387 669 3430 exeo
691 3361 783 3456 quod
808 3386 902 3432 sacra
924 3363 1152 3457 Congregatio
1176 3362 1299 3432 dixerit
1323 3389 1364 3433 sc

232 3495 361 3576 optare
388 3491 425 3546 ut
450 3475 723 3546 introduceretur
742 3478 778 3546 in
804 3478 949 3572 quadarn
976 3477 1115 3548 ecclesia
1139 3477 1271 3548 ritualis
1293 3483 1364 3550 Ro·

206 3658 211 3669 ,
237 3594 330 3662 mani
357 3616 448 3677 usus,
474 3590 709 3662 difficultatem
731 3619 799 3663 non
817 3593 906 3664 facit.
927 3597 1017 3664 Bene
1033 3597 1124 3664 enirn
1142 3596 1255 3690 potuit
1272 3595 1364 3666 dicta
1427 3655 1431 3662 .

236 3709 467 3805 Congregetio
488 3707 576 3778 banc
595 3706 755 3803 loquendi
781 3707 958 3778 sorunulam
978 3715 1019 3779 cit
1043 3711 1189 3805 quadam
1204 3712 1365 3782 comitate

206 3875 212 3883 -
235 3840 270 3894 et
288 3823 467 3919 prudentia
490 3847 668 3918 usurpare,
685 3823 761 3894 licet
779 3825 842 3920 ipsi
864 3849 1061 3920 persuasum
1075 3827 1179 3897 fuerit
1197 3825 1365 3922 obligato·

237 3939 325 4008 rium
341 3938 442 4008 luisse
455 3939 631 4034 praelatum
646 3938 778 4011 rituale.

288 4052 573 4147 Respondcndum
591 4068 741 4124 ternanet
760 4055 955 4125 auctoritati
975 4054 1142 4146 Catulum,
1157 4058 1217 4152 qui
1233 4061 1367 4153 putavit

239 4191 337 4262 posse
355 4165 511 4238 ecclesias
525 4167 596 4238 suis
616 4169 762 4264 propriis
783 4167 976 4259 ritualibus,
994 4171 1145 4265 probatis
1160 4173 1367 4267 ceteroquin

208 4351 212 4358 .
238 4301 273 4356 et
296 4285 541 4373 laudabilibus,
562 4285 625 4355 uti.
643 4286 834 4358 Dicendum
854 4288 889 4356 in
909 4286 973 4357 bac
990 4313 1027 4358 re
1045 4297 1174 4360 errasse
1190 4288 1366 4361 laudatum

207 4411 210 4420 '
232 4411 424 4490 auctorem,
439 4401 498 4496 qui
510 4403 716 4498 caeteroquin
733 4403 768 4472 in
789 4403 1012 4500 congerendis
1023 4402 1240 4478 documentis
1257 4406 1367 4502 magis
