2982 5072
496 375 541 421 ne
565 353 655 422 snus
679 373 884 422 nrroucrco.
1183 352 1249 426 105

167 512 309 578 Factum
329 527 432 600 porro
460 500 544 572 illud
563 527 604 572 ex
634 502 748 572 multis
774 501 951 574 retulimus
971 517 1131 599 tauquam
1155 507 1250 576 testi·

119 625 272 692 monium
296 617 480 713 disciplinae
500 618 571 713 jam
597 632 681 688 tunc
709 619 744 686 iu
770 615 881 688 Gallia
913 619 1002 688 circa
1030 621 1250 714 quaestionem

118 753 318 832 praesentem
340 729 554 830 generaliter,
572 734 606 802 iu
624 732 726 826 praxi,
734 730 851 803 saltem
865 747 899 802 et
917 733 959 804 de
975 733 1079 822 facto,
1092 751 1248 830 receptae.

118 857 264 923 Exstant
274 847 471 946 hujusmodi
480 848 627 934 decreta,
644 849 745 916 etiam
764 848 852 918 circa
870 874 993 943 aquam
1011 851 1242 937 benedictam,

118 966 242 1037 talibus
266 965 319 1035 vel
335 964 458 1034 talibus
476 962 727 1058 porrigendam.
738 961 926 1034 Galliarum
939 979 1052 1034 autem
1074 965 1242 1060 presules,

118 1083 197 1152 dum
214 1082 259 1151 ad
277 1082 402 1175 regium
427 1093 630 1174 potestatem
651 1102 715 1172 pro
734 1078 919 1172 regulando
943 1078 1079 1176 liturgia
1093 1107 1247 1154 recurre·

117 1198 200 1266 bant
223 1210 326 1290 atque
345 1195 433 1291 regis
452 1194 576 1264 dehac
605 1216 641 1263 re
663 1192 798 1262 decreta
817 1218 879 1287 pro
903 1192 1248 1290 validis‘recipiebant

116 1306 155 1384 et
166 1315 453 1409 exsequebantur,
472 1310 571 1380 simul
585 1310 796 1381 sustinebant
815 1311 1116 1406 congregationum
1134 1339 1247 1384 romu·

95 1421 238 1498 'narum
258 1423 441 1496 tribunalia
463 1423 559 1495 nulla
577 1425 781 1494 auctoritate
804 1424 841 1492 in
861 1423 974 1495 Gallia
994 1425 1137 1520 pollere,
1155 1443 1193 1496 ut
1211 1428 1246 1497 in

115 1542 204 1612 dicta
220 1541 420 1612 collectione
436 1547 544 1611 Actes
552 1537 600 1609 du
608 1538 727 1637 clerge‘
741 1539 868 1634 pluries
882 1540 925 1609 ab
945 1542 1025 1635 ipsis
1037 1542 1244 1614 declaratum

115 1659 275 1752 reperies.
1233 1661 1235 1666 ’

76 1862 78 1868 Ι
160 1774 264 1842 Dicet
278 1771 392 1840 forsan
407 1770 529 1867 aliquis
539 1769 851 1866 Gallioe'plerosque
859 1772 1044 1867 Episcopus
1060 1772 1094 1841 id
1110 1787 1245 1844 coactos

114 1883 250 1976 fecisse,
270 1885 339 1956 uon
359 1902 472 1958 utitem
502 1911 542 1956 ex
567 1911 607 1956 eo
633 1887 723 1980 quod
754 1885 853 1957 talem
878 1903 1080 1984 potestatem
1109 1890 1143 1957 iu
1170 1915 1246 1986 rege

113 2017 344 2098 agnoscerent.
366 2002 404 2070 ld
422 2001 524 2071 etiam
541 2026 605 2096 ego
625 2002 862 2090 existimarem,
876 2001 954 2072 licet
973 2003 1119 2080 difficile¹
1130 2004 1245 2076 forsan

112 2143 152 2187 ex
169 2117 382 2187 documentis
391 2116 533 2211 'probari
553 2117 670 2210 possit.
696 2121 743 2187 At
761 2141 841 2186 vero
859 2132 991 2186 certum
1013 2133 1063 2187 est
1083 2143 1126 2187 eu
1145 2118 1243 2212 galli·

111 2259 198 2304 carro
215 2226 394 2328 systemate
409 2229 582 2328 praelatam
598 2232 761 2328 principis
781 2247 980 2327 potestatem
1000 2232 1109 2328 logice
1127 2234 1242 2304 lluere.

110 2352 198 2419 Nam
215 2350 343 2444 regiam
358 2349 594 2418 auctoritatem
608 2372 678 2416 esse
692 2371 830 2442 prorsus
845 2348 1133 2444 independentem
1150 2351 1186 2417 in
1203 2350 1243 2421 iis

111 2463 273 2532 omuibus
291 2487 367 2558 quae
384 2457 455 2533 rem
467 2457 694 2556 'tempos-atem
724 2462 909 2557 attingunt,
932 2465 1050 2532 tenent
1069 2461 1240 2557 gallicani,

110 2581 212 2648 etiam
230 2577 417 2668 moderati,
437 2591 471 2646 et
495 2591 613 2646 tenent
640 2576 766 2671 pariter
794 2602 909 2673 regem
936 2603 1057 2649 cavere
1077 2581 1175 2674 posse
1199 2605 1243 2652 ne

111 2693 194 2789 quid
211 2695 248 2762 in
266 2692 441 2788 disciplina
456 2689 715 2762 ecclesiasticaa
735 2693 951 2788 quocumque
973 2709 1142 2764 statuatur
1160 2721 1242 2766 con·

111 2824 163 2880 tra
187 2808 358 2878 libertates
381 2823 415 2878 et
439 2808 703 2878 consuetudines
722 2806 859 2898 Galliae3
878 2824 913 2878 et
938 2835 981 2880 ue
1009 2811 1169 2906 Episcopi
1188 2811 1242 2882 'vel
1339 2894 1340 2898 Ἰ

110 2929 202 3019 Papa
222 2949 281 2994 sua
299 2922 466 3020 spirituali
485 2939 649 3019 potestate
663 2925 861 2994 abutantur.
877 2930 985 2996 Porro
1001 2925 1163 3019 quaelibet
1180 2953 1243 2995 or·

110 3040 240 3110 dinatio
266 3044 354 3110 circa
386 3040 571 3134 liturgiam,
594 3054 714 3135 utpote
744 3063 819 3134 quae
842 3039 949 3134 possit
980 3040 1145 3135 populum
1177 3040 1240 3112 ali·

110 3181 214 3251 quem
230 3181 442 3227 commovere
471 3171 505 3226 et
530 3155 803 3249 perturbationes
823 3155 933 3243 ciere,
959 3153 1241 3250 tranquillitatem

110 3272 245 3343 civilem
260 3263 389 3367 langit;
407 3287 441 3341 et
464 3297 527 3369 per
541 3270 714 3368 liturgiam
735 3271 905 3342 introduci
927 3289 1063 3366 possent
1086 3273 1240 3366 quaedam

109 3414 185 3484 quae
204 3388 375 3458 libertates
387 3402 423 3458 et
437 3387 697 3458 consuetudines
716 3386 751 3454 in
771 3385 881 3456 Gallia
899 3401 1049 3480 receptas
1068 3385 1239 3476 laederent;

109 3519 143 3573 et
158 3503 194 3572 iu
227 3502 364 3598 liturgia
392 3497 571 3572 conflanda
595 3500 646 3571 vel
676 3501 887 3569 immutanda
905 3500 1000 3569 abuti
1015 3516 1155 3596 possent
1178 3527 1237 3572 sua

111 3617 280 3712 spirituali
295 3618 498 3688 auctoritate
515 3617 640 3688 summi
665 3615 851 3686 Pontifices
869 3631 928 3686 aut
954 3616 1113 3711 Episcopi
1128 3643 1138 3708 3
1155 3641 1239 3714 ergo

109 3733 165 3804 his
194 3735 352 3816 omnibus
382 3733 488 3806 titulis
516 3735 573 3827 jus
602 3733 741 3802 habebit
768 3757 826 3804 rex
860 3732 1060 3828 probibendi
1088 3734 1239 3828 nequid

108 3851 199 3920 eirca
212 3848 396 3944 ,liturgiam
413 3851 541 3944 ubsque
563 3873 625 3918 suo
643 3873 805 3947 supremo
824 3847 961 3920 assensu
985 3862 1164 3918 statuatur.

158 3965 351 4060 Propositio
372 3961 421 4034 3³.
435 4005 483 4018 -
499 3965 666 4060 Sequitur
682 3987 728 4031 ccc
742 3961 1000 4061 gallicanum,
1025 3977 1097 4031 tum
1109 3962 1239 4058 purla-

109 4083 290 4171 memorii,
309 4073 501 4151 tumetium
519 4078 691 4150 trtoderuti
706 4079 909 4168 systemate,
931 4079 1008 4178 regi
1020 4076 1241 4148 tm'bttendam

108 4221 186 4268 esse
214 4221 417 4292 supremum
431 4189 603 4292 juris'de‘
615 4195 759 4293 liturgia
781 4191 927 4264 dicundi
940 4195 1167 4290 potestatem.
1190 4233 1240 4250 -

109 4312 147 4382 ld
169 4337 295 4407 nempe
308 4311 582 4384 concludendum
597 4311 690 4380 venit
708 4335 749 4378 ex
771 4310 901 4380 duabus
921 4311 1098 4405 praemissis
1112 4333 1239 4404 propo·

107 4428 301 4498 sitionibus.
313 4430 401 4502 Nam
416 4453 455 4498 ex
470 4427 576 4524 priori
594 4424 650 4521 jus
675 4451 872 4521 supremum
890 4424 1090 4520 liturgicum
1110 4423 1153 4492 ad
1169 4428 1241 4494 Ro·
