3004 5070
260 385 331 471 284
623 427 628 436 ·
705 391 933 456 'reserares'

257 534 469 624 antecedens,
489 537 722 625 retinuerunt3
745 533 803 605 sed
821 549 953 606 tantum
970 523 1106 608 caeteras
1125 525 1202 629 quae¹
1214 511 1386 605 breviario

258 655 293 722 S.
314 651 366 718 Pii
385 652 417 722 V
438 649 707 746 adstringuntur.
993 635 997 642 ¹

308 768 348 833 lo
365 763 584 857 quaestionem
604 763 715 834 vocari
731 777 856 860 posset,
878 776 993 832 utrum
1011 763 1115 832 satius
1129 761 1231 832 fuerit
1254 776 1385 832 veteres

259 879 403 972 hymnos
425 901 512 947 nova
527 877 584 947 illa
603 878 711 948 lomna
733 877 863 947 donari.
882 880 943 946 Est
963 875 1099 972 quidem
1125 873 1255 970 legibus
1268 877 1385 944 metri·

257 993 318 1077 eis,
343 991 432 1088 apud
459 993 597 1062 sincera
618 991 795 1064 latinitatis
817 1005 976 1062 auctores
1000 991 1152 1085 receptis,
1175 991 1282 1086 magis
1301 1015 1386 1059 con-

258 1122 430 1180 sentanea.
451 1111 496 1176 At
512 1133 611 1177 soum
631 1107 711 1180 fecit
725 1106 884 1194 Ecclesia,
901 1103 1085 1175 multorum
1103 1103 1301 1176 seculorum
1320 1129 1384 1176 usu

256 1221 509 1310 venerandum,
544 1221 639 1291 latini
669 1221 835 1291 sermonis
863 1222 897 1289 in
926 1213 1026 1290 rebus
1052 1221 1155 1290 sacris
1180 1218 1381 1314 peculiarem

257 1335 401 1430 stylum3
430 1337 485 1408 cui
512 1361 572 1406 sua
597 1351 689 1406 certe
715 1351 895 1424 venustas,
922 1351 956 1404 et
983 1336 1018 1404 in
1049 1333 1221 1404 catholicae
1244 1333 1323 1404 fidei
1351 1350 1385 1402 et

257 1451 391 1545 pietatis
418 1451 648 1546 exprimendis
671 1453 824 1522 sensibus
847 1451 932 1520 mira
956 1449 1136 1520 idoneitas.
1161 1454 1207 1520 At
1231 1463 1384 1544 tempore

256 1566 388 1637 Urbani
406 1570 488 1638 vltt
513 1569 578 1637 viri
602 1565 754 1651 litterati,
775 1591 985 1662 paganorum
1005 1579 1156 1660 tempore
1173 1564 1317 1659 vigentis
1339 1562 1386 1636 la·

259 1683 418 1773 tinitatis,
439 1683 544 1752 nimia
563 1683 788 1754 admiratione
802 1684 905 1778 capti,
921 1706 1024 1753 aurea
1044 1679 1275 1751 ecclesiasticae
1291 1679 1384 1752 litte·

255 1811 381 1866 ratur-ae
405 1812 623 1868 monumenta
637 1797 726 1868 forte
745 1823 814 1866 non
834 1798 915 1866 satis
934 1809 1188 1892 perspexerunt.
1205 1793 1383 1889 Quidquid

257 1913 430 1982 autemst
449 1912 490 1981 de
511 1913 575 1985 hac
592 1915 789 2008 quaestione,
813 1927 907 1982 certa
931 1927 981 1982 est
1004 1910 1136 1980 Urbani
1157 1911 1238 1981 Vlll
1253 1907 1328 1998 lex;
1350 1924 1385 1981 et

255 2025 407 2120 quandiu
427 2051 446 2096 a
470 2027 548 2097 sede
565 2019 757 2124 Apostolica
784 2027 955 2098 moderata
981 2052 1049 2096 non
1073 2025 1187 2115 suerit,
1207 2025 1250 2094 ab
1271 2025 1384 2094 onmi-

254 2139 318 2210 bus
333 2141 555 2212 observanda.

703 2374 853 2444 CAPUT
874 2375 934 2443 Ill.

253 2599 314 2650 aus
338 2598 567 2650 nrrunctcou
594 2601 720 2660 nonan
749 2595 1168 2662 officiosissimam,
1192 2583 1410 2646 naaman-¹

306 2715 467 2781 morou,
509 2716 769 2781 munificans,
808 2715 1074 2764 censnoursns
1111 2705 1383 2774 serscoeonoar,

305 2829 350 2876 nr
369 2829 536 2878 struant.
937 2819 940 2826 '

304 3028 397 3096 Dum
423 3027 458 3098 in
491 3027 692 3123 praecedenti
725 3028 835 3123 capite
857 3026 915 3123 jus
940 3025 1136 3123 liturgicum
1164 3024 1382 3102 ecclesiarum

256 3137 437 3212 latinarum
461 3144 738 3236 expenderemus,
765 3143 876 3239 potuit
899 3141 1005 3215 lector
1024 3141 1200 3214 advertere
1222 3144 1383 3235 quaestio·

255 3278 332 3326 nem
352 3255 395 3326 ad
424 3256 630 3328 breviarium
652 3273 687 3328 et
703 3257 833 3330 missale
857 3257 1030 3331 dumtaxat
1055 3257 1158 3328 fuisse
1176 3259 1380 3328 restrictam.

255 3369 297 3440 Id
315 3393 386 3440 non
414 3370 608 3442 inconsulto
634 3372 785 3443 fecimus.
804 3376 912 3467 [eges
933 3373 1024 3444 enim
1043 3395 1118 3466 quaa
1141 3371 1184 3442 de
1209 3372 1381 3467 praecipua

255 3481 312 3554 illa
332 3497 436 3578 atque
459 3484 705 3556 fundamentali
723 3488 772 3558 rei
796 3485 959 3583 liturgica
978 3501 1074 3580 parte
1093 3485 1292 3575 decernunt,
1308 3485 1383 3556 alias
1435 3535 1437 3546 ·

255 3597 349 3686 alias,
372 3612 410 3669 ut
429 3599 587 3687 vidimus,
607 3601 824 3672 ecclesiarum
840 3601 961 3675 classes
981 3603 1051 3673 sive
1070 3603 1256 3696 categorias
1275 3602 1384 3672 attin·

256 3728 345 3806 gunt
358 3726 461 3807 atque
475 3715 639 3810 obligant.
661 3718 815 3788 Decretis
836 3743 916 3788 vero
934 3733 1071 3790 ceteras
1091 3716 1235 3812 liturgiae
1251 3717 1382 3788 sonno·

256 3825 304 3898 las
326 3828 575 3917 ordinantibus,
590 3855 660 3902 noo
679 3834 820 3904 omnino
834 3834 931 3928 juxta
951 3833 1083 3904 easdem
1100 3832 1333 3905 distinctiones
1347 3847 1383 3902 et

255 3944 441 4034 categorias
470 3943 627 4018 Ecclesia
655 3944 928 4044 adstringuntur.
960 3947 1060 4021 Unde
1086 3971 1150 4043 pro
1176 3946 1320 4018 faciliori
1347 3960 1383 4016 et

256 4053 391 4126 clariori
406 4057 493 4148 juris
509 4058 658 4154 liturgici
677 4063 906 4155 expositione,
926 4066 1127 4157 posteriores
1144 4062 1204 4132 has
1219 4060 1320 4156 leges,
1338 4062 1382 4132 ab

256 4171 295 4239 iis
312 4196 385 4265 quae
406 4172 449 4242 de
465 4173 588 4244 missali
607 4189 640 4244 et
660 4177 828 4248 breviario
841 4193 975 4248 statutae
993 4191 1086 4267 suot,
1107 4175 1329 4249 secernendus
1347 4190 1383 4250 et.
1487 4205 1488 4231 t

252 4287 432 4382 separatim
453 4289 643 4360 tractandas
663 4290 833 4362 duximus.
936 4331 948 4355 .-·
1011 4309 1014 4316 ·
