3004 5070
515 383 561 429 os
585 384 673 430 surr
697 383 903 432 urrunorco.
1200 351 1271 424 265

149 508 324 604 pontificio
353 507 571 602 assignatum.
608 511 821 581 Affirmative
847 504 1119 605 respondendum
1151 503 1274 598 probat

147 621 314 696 Cavalieri
330 638 405 694 tmu
424 623 581 719 pluribus
602 651 702 696 sacras
713 622 996 721 Congregatiouis
1013 621 1141 690 rituum
1157 617 1272 688 dcere·

148 740 201 824 tis,
228 755 300 810 tum
324 739 504 810 doctorum
521 743 722 812 auctoritate
742 741 832 837 (cup.
861 764 900 810 ro
929 739 971 807 de
991 734 1273 808 concessionibus

147 853 402 942 universalibus,
426 870 451 925 t.
475 857 503 942 Ι,
524 880 560 950 p.
587 854 652 928 231
675 871 709 928 et
731 879 820 950 serp,
834 855 918 925 odit.
938 857 1074 940 Vener„
1096 846 1214 945 1758).
1231 852 1273 918 Et

146 970 233 1038 ratio
247 983 360 1062 patet:
377 993 468 1055 uam,
480 969 562 1040 dum
574 973 733 1042 Summus
743 969 902 1040 Ponrisex
910 965 1048 1062 aliquod
1060 964 1212 1035 officium
1230 962 1273 1032 arl

146 1083 329 1154 Ecclesiam
351 1085 574 1155 universalem
596 1089 660 1156 sub
683 1092 855 1182 prlaecepto
873 1082 1037 1165 extendit,
1057 1105 1126 1150 uon
1140 1092 1273 1148 tautum

146 1199 302 1294 praecipit
316 1197 453 1293 aliquod
476 1200 638 1272 celebrari
657 1203 809 1272 officium
828 1199 944 1294 aliqua
962 1198 1041 1268 uuui
1065 1195 1132 1282 die,
1150 1193 1209 1264 sed
1226 1195 1273 1262 si·

146 1313 218 1385 mul
241 1317 392 1411 praecipit
416 1343 494 1386 curu
521 1317 580 1387 tali
608 1317 755 1388 formula
782 1333 817 1388 et
846 1315 905 1386 tali
930 1315 985 1384 dic
1011 1311 1163 1384 officium
1189 1307 1273 1377 illud

145 1427 319 1501 celebrari.
338 1436 427 1527 Ergo
443 1433 506 1504 sub
521 1450 725 1531 praeceptum
740 1433 831 1503 cadit
850 1433 921 1502 dies
940 1445 974 1502 et
988 1428 1093 1500 officii
1110 1422 1270 1496 formula.

146 1544 251 1633 Quod
268 1561 305 1614 ut
321 1550 446 1616 cursim
466 1549 640 1620 nonnullis
662 1547 926 1620 auctoritatibus
949 1546 1137 1629 firmemus,
1154 1539 1273 1610 citabi-

146 1685 222 1730 mus
240 1686 438 1757 msponsum
456 1689 557 1734 sacrae
582 1665 862 1762 Cougrngatiuuis
884 1665 1011 1732 rituum
1036 1658 1125 1730 circa
1151 1657 1274 1726 scstum

145 1778 182 1846 S.
203 1778 356 1846 Nominis
372 1781 465 1868 lesu,
499 1780 591 1874 quod
618 1781 653 1850 iu
680 1779 859 1850 universali
881 1775 1029 1850 Ecclesia
1051 1772 1274 1844 dominicali

147 1907 224 1986 post
238 1893 464 1988 Epiphaniam
479 1894 717 1966 celebrandum
737 1895 942 1965 auctoritato
951 1891 1146 1987 Apostolicu
1159 1887 1274 1957 decre·

147 2022 219 2076 tum
244 2009 382 2079 fuerat:
411 2013 544 2082 Omnes
570 2013 701 2095 teneri,
727 2007 793 2080 sub
812 2010 935 2104 poenr's
959 2005 1002 2076 de
1028 2029 1110 2076 non·
1127 2001 1275 2095 satissa-

142 2122 267 2194 ciendo
284 2124 407 2217 officio
426 2123 543 2196 divino
564 2125 716 2224 aliisque
735 2129 774 2195 in
792 2124 889 2195 hulla
902 2127 938 2194 S.
957 2123 1018 2194 Pii
1030 2126 1067 2190 V
1075 2119 1269 2202 contentis,
1316 2131 1319 2138 “

143 2240 333 2310 tenuissimo
352 2238 494 2310 decreto
511 2238 568 2310 die
588 2267 636 2337 29
652 2237 852 2310 novembris
873 2261 979 2335 1721,
993 2261 1065 2332 pro
1082 2229 1276 2304 uniuersali

143 2353 307 2424 Ecclesia
323 2353 416 2424 editu
433 2381 474 2424 sc
489 2353 714 2446 conformare
733 2351 842 2449 (apud
858 2349 1035 2435 Camlieri‚
1056 2349 1131 2420 loco
1143 2343 1272 2440 citato).

143 2471 243 2538 Circa
274 2469 366 2564 quod
395 2471 568 2542 decretum
600 2472 681 2540 anari
720 2494 826 2564 ¹7²¹,
860 2470 907 2539 ita
937 2465 1082 2536 advertit
1113 2464 1270 2534 mersu:

142 2613 164 2649 u
186 2584 380 2656 Notandum
408 2603 457 2655 est
484 2586 576 2681 quod
606 2611 668 2681 per
694 2586 893 2680 praerlictum
917 2579 1072 2677 generale
1099 2579 1273 2648 decretum

132 2727 165 2764 -α
185 2699 369 2795 derogatur
386 2701 659 2772 concessionibus
684 2699 946 2794 particularibus
968 2696 1050 2766 alias
1071 2695 1167 2764 lactis
1187 2692 1272 2762 rcci-

145 2841 163 2876 α
183 2815 276 2882 tondi
300 2815 366 2884 tale
386 2814 538 2886 officium
559 2816 613 2886 dic
632 2821 673 2902 14
686 2817 849 2910 januarii3
869 2840 961 2884 nunc
976 2815 1067 2882 euim
1087 2821 1204 2880 omnes
1222 2823 1270 2878 te·

146 2957 164 2994 a
188 2945 311 2998 nentur
333 2929 416 2998 illud
440 2930 608 3002 celebrare
622 2933 658 3001 iu
681 2930 771 2998 dicta
793 2929 1005 2998 dominicall
1022 2941 1098 3021 post
1120 2924 1272 3017 Epipha-

146 3069 164 3106 ιι
186 3043 277 3112 uiam
301 3073 319 3108 u
341 3043 447 3139 (apud
464 3044 649 3134 Cuvalimi,
669 3043 744 3113 loco
763 3042 896 3137 citato).
922 3042 1015 3112 Idem
1034 3040 1162 3135 pariter
1181 3061 1275 3108 assc-

144 3158 189 3225 rit
220 3161 375 3228 Piltouus
406 3187 414 3229 :
449 3191 465 3226 a
503 3160 697 3230 Notandum
733 3159 825 3255 quod
862 3158 988 3230 idcirco
1026 3181 1095 3226 nou
1133 3167 1274 3250 possunt

146 3302 164 3338 c
183 3276 327 3370 amplius
351 3279 390 3346 sc'
412 3278 500 3348 tucri
522 3278 736 3348 Franciscuni
758 3276 992 3370 antiquissimo
1009 3270 1188 3369 privilegio
1209 3270 1273 3340 sibi

145 3417 163 3452 u
185 3391 331 3484 primum
352 3415 524 3481 concesso,
543 3392 587 3462 ud
608 3391 840 3462 sustinendam
861 3390 948 3458 diem
971 3393 1013 3474 rb
1030 3387 1190 3482 januarii,
1209 3409 1272 3478 pro

145 3531 163 3568 u
189 3504 383 3597 hujusmodi
402 3507 506 3577 officii
521 3509 735 3596 recitatione,
758 3507 820 3576 nisi
837 3504 931 3575 aliud
948 3503 990 3574 de
1006 3526 1095 3572 novo
1110 3501 1173 3570 sibi
1190 3524 1272 3568 con·

142 3649 159 3682 u
179 3620 328 3692 cedatur.
341 3623 505 3712 »Quibus
521 3624 631 3694 citatis
649 3624 858 3710 auctoribus,
875 3615 1269 3714 subjungitCavalierus:

145 3763 163 3799 a
191 3737 293 3826 Quod
313 3738 367 3808 isti
386 3753 541 3809 auctores
566 3753 719 3808 asserunt
738 3738 781 3807 de
803 3737 859 3807 dic
886 3738 920 3805 iu
940 3760 1007 3830 qua
1031 3728 1271 3803 celebrandum

144 3879 163 3916 e
185 3866 234 3920 est
253 3852 381 3924 (lictum
408 3855 546 3940 sentum,
569 3854 685 3926 eadem
709 3853 849 3924 indubio
870 3853 1000 3924 rationu
1023 3847 1202 3918 dicendum
1222 3861 1273 3915 est

146 3993 164 4030 c
191 3967 233 4036 de
250 3969 411 4062 qualitate
424 3970 531 4040 officii
547 3973 666 4065 s(cap.
685 3995 740 4059 ro,
756 3970 798 4038 dc
810 3965 1096 4039 Concessionibus
1110 3964 1274 4046 univers„

145 4096 169 4153 t.
186 4086 231 4170 ll,
249 4110 282 4180 p.
299 4084 385 4170 232,
399 4085 478 4157 edit.
494 4089 628 4172 venet,
653 4082 768 4182 1758).

192 4200 254 4268 lv.
274 4202 326 4270 Ex
340 4200 442 4271 «lictis
457 4200 554 4272 sa'cilo
566 4201 723 4272 conclurli
739 4214 851 4296 potest
865 4225 970 4294 quarn
982 4196 1156 4292 illegitimo
1172 4191 1273 4261 luerit

143 4325 177 4380 et
193 4312 342 4384 scarrdali
362 4315 478 4411 plenu,
497 4318 686 4388 resistentia
701 4341 769 4410 qua
787 4315 871 4386 olim
889 4318 924 4386 iu
944 4311 1056 4384 Gellia
1079 4305 1175 4380 multi
1197 4307 1273 4378 offi-

141 4425 233 4496 cium
256 4444 291 4498 et
311 4430 435 4502 festum
459 4435 568 4504 sancti
594 4434 752 4529 Gregorii
775 4435 844 4502 Vll
870 4429 1077 4526 repulerunt
1106 4421 1270 4494 officium
