2940 5072
243 371 315 440 ntll
699 391 903 439 rnecrnros

244 547 266 584 s
284 519 382 587 viarii
402 520 455 588 Pii
474 523 519 604 V,
536 521 819 590 consuetudinem
842 519 1014 588 habebant
1033 517 1196 589 renitendi
1216 520 1374 595 diuinum

246 663 268 700 α
283 635 433 703 officium
466 633 532 704 alia
552 636 672 706 forma.
694 640 786 731 Papo
812 650 929 704 tamen
953 635 1109 704 consulit
1126 632 1193 704 illis
1221 635 1375 708 ecelesiis

246 776 267 816 u
285 751 478 821 facultatem
509 753 695 848 recipiendi
727 751 933 820 breviarium
963 756 1154 821 Romanum
1185 778 1263 822 cum
1291 779 1374 823 con-

250 895 268 932 a
286 891 384 936 sensu
414 869 575 966 Episcopi
598 883 636 937 et
657 867 809 963 capituli.
830 871 874 936 Et
895 893 935 936 eo
959 884 1151 961 acceptato,
1174 894 1247 938 nou
1274 885 1376 963 pote·-

249 1009 268 1046 α
287 997 371 1050 runt·
383 982 526 1078 amplius
542 985 583 1052 nd
608 985 701 1079 prius
719 983 925 1052 breviarium
945 985 1017 1052 sine
1040 983 1176 1054 licentia
1198 988 1296 1079 Papae
1321 1011 1376 1056 re-

247 1127 271 1162 «
285 1098 374 1187 dire3
390 1101 469 1194 quia
486 1102 580 1195 prius
598 1100 791 1170 censebitur
810 1101 990 1168 irritatum.

300 1214 496 1282 «Homines
530 1239 610 1283 vero
644 1213 864 1310 particulares
892 1241 961 1283 non
989 1229 1129 1308 possunt
1164 1215 1375 1285 breuiarium
1435 1283 1438 1292 ,

246 1355 267 1391 u
286 1331 478 1397 Romanum
498 1343 576 1398 ente
589 1328 679 1398 illius
698 1331 927 1424 receptionem
942 1329 1112 1398 ordinarie
1128 1329 1302 1421 adhihere,
1318 1355 1377 1399 re·

248 1473 267 1509 a
285 1445 368 1514 licto
393 1448 532 1542 proprio
559 1473 626 1516 suae
656 1446 824 1542 religionis
851 1447 903 1518 rel
929 1447 1074 1516 ecelesiae
1098 1450 1309 1542 approbato,
1335 1465 1376 1519 ut

248 1563 416 1656 «patebit
437 1562 660 1633 exsolutione
678 1565 831 1658 proxime
853 1564 1023 1657 sequentis
1042 1565 1171 1658 quaesiti
1190 1591 1198 1632 :
1216 1579 1251 1632 et
1262 1563 1375 1634 multo

248 1705 267 1741 u
286 1677 402 1746 rninus
414 1694 555 1773 possunt
569 1679 686 1748 relicta
700 1679 946 1749 consuetudine
965 1679 1017 1748 vel
1032 1691 1161 1748 statuto
1182 1703 1250 1748 suae
1268 1678 1377 1749 eecle-

249 1793 339 1859 «siae
365 1794 415 1860 uti
451 1793 589 1890 publice
626 1798 782 1863 Romano
808 1795 1012 1864 breviario:
1040 1809 1116 1862 tum
1140 1795 1220 1888 quia
1248 1819 1375 1888 magna

249 1931 268 1969 u
286 1906 439 1976 confusio
473 1923 688 2003 sequeretur,
719 1925 792 1978 tum
825 1910 992 2002 quiahoc
1027 1910 1061 1976 in
1090 1911 1199 2003 capite
1224 1908 1268 1978 de
1295 1913 1375 1997 rtis,

248 2051 268 2086 α
286 2023 513 2096 distinctionis
529 2053 587 2112 22,
613 2043 647 2094 et
667 2027 700 2094 in
724 2051 854 2094 oenone
883 2027 1059 2114 Convertit,
1076 2026 1302 2096 distinctionis
1333 2025 1372 2116 5,

246 2167 271 2204 o
285 2141 497 2234 prohibetur.

299 2285 317 2320 «
338 2259 477 2345 Quaeres
502 2261 626 2354 primo,
650 2271 773 2328 utrum·
794 2247 1232 2352 habentibus'privileginm
1253 2259 1374 2327 utendi

249 2399 268 2435 «
286 2371 454 2443 breviario
474 2399 547 2442 non'
563 2377 730 2454 Romano,
755 2372 884 2442 licitum
907 2373 949 2442 sit
966 2374 1124 2466 privatim
1138 2375 1187 2442 uti
1203 2377 1375 2460 Romano,

250 2486 403 2556 «relicto
421 2490 560 2584 proprio
581 2515 649 2558 suae
666 2486 840 2583 religionis
861 2487 913 2556 vel
933 2487 1089 2576 ecclesiae,
1110 2487 1162 2556 vel
1177 2503 1308 2558 oontru.
1323 2527 1373 2542 --

250 2629 269 2664 n
286 2603 658 2697 Respondeonegative
667 2603 1282 2696 juxtaprobabilioremsentent-inmo.
1293 2607 1373 2674 Non

250 2743 269 2781 «
288 2741 376 2810 nego
387 2732 510 2804 tamen,
524 2719 605 2812 quin
616 2718 944 2813 probabiliteretiam
958 2717 1093 2788 delendi
1104 2735 1217 2813 queat,
1231 2721 1373 2814 praeciso

249 2859 268 2894 n
287 2846 456 2927 praecepto
480 2833 514 2900 in
535 2835 755 2922 contrarium,
778 2859 875 2928 posse
894 2833 1039 2928 aliquem
1059 2827 1229 2929 priiatim,
1257 2835 1374 2904 relicta

249 2946 534 3014 «cousuetudine
552 2946 698 3040 proprioe
716 2944 875 3031 ecclesiae,
892 2947 1034 3015 recitare
1054 2947 1206 3016 (lirinum
1221 2949 1371 3017 officinm

248 3059 601 3151 «juxta-breviarium
623 3064 827 3129 Romanum.
847 3063 930 3128 Nam
949 3061 1091 3130 recitans
1110 3061 1263 3130 officium
1276 3063 1372 3157 juxta

248 3173 489 3242 «breviarium
522 3179 729 3262 Romanum,
759 3173 950 3265 conformat
980 3203 1014 3245 se
1037 3176 1184 3246 ecclesie
1210 3181 1372 3246 Romunae

249 3315 271 3352 n
286 3313 360 3382 tpnae
374 3305 424 3358 est
440 3305 549 3360 mater
564 3293 714 3359 omnium
731 3290 960 3360 ecclesiarum.
974 3291 1050 3361 'Imo
1063 3295 1236 3362 Nauarrus
1253 3293 1298 3388 (e.
1319 3317 1371 3388 19,

249 3433 268 3468 α
286 3429 319 3472 n.
343 3403 429 3500 217)
450 3421 483 3474 et
503 3405 712 3500 Regioaldus
726 3405 763 3500 (l.
783 3433 852 3492 xix,
867 3433 900 3476 n.
930 3409 1014 3504 171)
1033 3407 1225 3492 indistincte
1239 3425 1370 3503 putant,

248 3543 269 3583 o
286 3543 384 3610 posse
400 3518 583 3614 aliqnando
600 3522 672 3588 sine
688 3519 822 3588 mortali
839 3537 977 3614 peceato
995 3521 1141 3590 alienum
1164 3523 1370 3591 breviarium

250 3634 458 3705 «recitari...
478 3639 557 3704 Haec
576 3636 693 3729 opinio
715 3661 786 3704 non
805 3651 853 3704 est
867 3636 1112 3731 improbabilis,
1131 3637 1370 3707 modo-alicubi

248 3775 268 3813 α
286 3773 352 3817 non
375 3749 461 3818 adsit
483 3735 688 3846 praeceptum
711 3753 744 3820 in
770 3754 992 3836 contrarium,
1019 3767 1056 3821 ut
1081 3751 1284 3842 Mediolani,
1313 3755 1370 3823 ubi

249 3891 268 3926 a
285 3861 397 3934 elerici
423 3891 463 3934 ex
485 3867 620 3938 decreto
648 3871 692 3937 D.
713 3868 829 3938 Caroli
849 3869 1018 3962 jubentur
1036 3871 1072 3937 in
1100 3870 1228 3938 virtute
1252 3885 1371 3938 sanctae

248 4005 268 4042 u
286 3979 491 4051 obedientiae·
516 3985 615 4052 horas
644 3985 824 4054 eanonicus
853 3987 996 4053 recitare
1018 3987 1115 4078 juxta
1139 3987 1371 4079 praescriptum

248 4093 441 4163 «breviarii
470 4098 733 4168 Ambrosiam.»
756 4104 825 4169 Hie
856 4097 965 4193 refert
993 4104 1179 4170 Bonneina
1196 4099 1372 4170 decretum

246 4211 285 4278 S.
305 4208 448 4295 torm&
471 4227 546 4280 arm
562 4216 614 4283 ita
633 4211 844 4312 subjungite
859 4219 909 4285 Ex
930 4241 1001 4309 quo
1027 4214 1105 4283 licet
1120 4213 1233 4284 obiter
1248 4215 1372 4283 inferre

250 4326 376 4418 «justa
391 4325 561 4412 derauso,
582 4327 728 4422 exorrrpli
743 4331 850 4424 gratia
869 4331 911 4400 ad
934 4330 1136 4400 seruandum
1153 4332 1299 4426 propriae
1317 4354 1372 4396 ec·

251 4467 271 4504 «
288 4439 397 4511 ulesiae
421 4443 537 4532 ritum,
561 4441 641 4511 ferri
667 4468 768 4538 posse
790 4448 1069 4517 constitutionem
1093 4447 1309 4541 obligarem,
1324 4443 1371 4514 ad
