3018 5070
229 425 275 472 2!
594 441 599 450 ·
687 416 895 473 'TRACTATUS

229 543 412 618 titinnius.
433 549 536 620 Nunc
559 548 602 617 ad
626 553 843 619 auctoritates
874 547 1017 645 gradum
1050 549 1233 640 faciamus3
1252 567 1356 647 atque
1420 590 1423 595 ·

229 663 451 737 ostendamus
462 664 639 760 *quomodo
665 665 782 734 eudem
800 665 956 736 doctrina
984 689 1025 734 ex
1044 665 1193 759 gesserali
1216 669 1356 736 Petrum

231 793 264 848 et
283 778 464 849 doctorum
485 804 601 866 sensu,
625 783 864 877 etpraesertim
889 807 931 852 ex
949 781 1155 852 Tridentinae
1177 782 1295 878 synodi
1309 781 1358 854 cf*

230 893 325 978 fatis,
344 895 537 965 confirmari
557 897 673 990 possit.

279 1012 473 1108 Propositio
488 1015 607 1099 4⁸4*-
616 1018 744 1083 Patres
766 1027 801 1082 ot
825 1009 985 1082 doctores
1006 1012 1221 1109 generaliter
1242 1029 1360 1085 tenuc-

229 1141 428 1222 runtposse
440 1153 487 1198 ea
501 1128 653 1228 liturgiis
663 1128 861 1227 dogmatum
870 1125 1360 1200 veritatemdemonstrari.-
1430 1136 1435 1141 “

230 1243 287 1312 Sic
305 1241 407 1313 babet
425 1259 560 1315 sanctus
576 1247 786 1342 Augustinus
810 1246 842 1314 in
862 1243 949 1313 libro
969 1247 1020 1314 De
1038 1245 1129 1314 bono
1143 1269 1361 1339 perseveran-

230 1357 305 1444 tias,
328 1381 404 1454 cap.
426 1357 495 1430 23:
520 1361 666 1432 Utinam
683 1358 894 1431 tardicorde
907 1349 942 1431 c't
953 1361 1101 1451 infirmi,
1120 1363 1183 1458 qai
1195 1383 1264 1430 non
1271 1383 1361 1458 pos·

230 1487 315 1542 sunt
336 1476 537 1570 Scripturas
562 1477 623 1546 nel
649 1501 771 1546 earum
801 1477 1039 1572 expositiones
1068 1475 1285 1574 intelligere,
1308 1477 1361 1546 sic

232 1585 401 1658 audirent
417 1590 483 1660 vel
492 1615 565 1660 non
579 1589 742 1660 audirent
761 1592 797 1659 in
818 1589 889 1660 leae
900 1591 1093 1687 qaaestione
1104 1589 1362 1687 disputationes

232 1718 392 1794 nostras,
413 1719 452 1775 ut
470 1708 588 1804 magis
606 1707 826 1777 intuerentur
838 1707 1017 1776 orationes
1036 1729 1139 1790 suas,
1162 1729 1256 1802 qaas
1269 1729 1362 1775 sem-

227 1842 298 1913 per
307 1816 436 1891 babuit
446 1821 610 1892 Ecclesia
624 1837 660 1891 et
668 1820 812 1891 habebit
825 1820 873 1890 ab
886 1819 1042 1890 exordiis
1052 1823 1128 1891 sais
1136 1819 1245 1890 donec
1252 1821 1361 1908 finia-

233 1948 292 2003 tur
307 1933 377 2005 hoc
391 1936 570 2006 seculum.
592 1941 648 2007 De
673 1937 744 2007 lzac
769 1937 863 2005 enim
885 1958 921 2004 re
946 1959 1055 2032 quarn
1078 1959 1171 2004 nunc
1196 1935 1362 2007 traloersus

233 2071 340 2119 nouos
353 2048 535 2120 lisereu'cos
549 2053 643 2121 tueri
652 2065 689 2121 et
704 2048 891 2144 defensare
909 2049 1162 2146 compellimur,
1180 2075 1362 2150 neutiquam

235 2168 348 2235 tacuit
364 2164 577 2262 inprecibus
595 2168 724 2238 suis...
744 2163 896 2257 Quando
908 2168 1003 2236 oraim
1020 2191 1089 2235 non
1103 2181 1243 2236 oratam
1257 2181 1309 2238 est
1322 2169 1362 2238 in

235 2269 399 2352 Ecclesia
408 2305 477 2377 pro
487 2279 690 2373 infidelibus
699 2298 807 2380 atque
816 2283 969 2352 mimicis
979 2280 1060 2374 ejus
1070 2297 1108 2350 ut
1118 2280 1363 2356 crederentl...

237 2395 327 2486 (lats
340 2395 560 2468 sacerdotem
581 2423 690 2494 saper
697 2396 834 2489 fideles
859 2400 1048 2468 Dominum
1069 2401 1311 2489 invocantem,
1330 2401 1366 2468 si

235 2507 377 2606 quondo
395 2508 508 2602 atate,
530 2511 571 2580 da
587 2510 662 2600 illis,
680 2495 839 2603 Domine,
862 2515 896 2581 in
919 2529 949 2582 te
969 2537 1184 2608 perseverare
1201 2537 1308 2608 usque
1327 2514 1363 2584 in

237 2624 360 2713 finem3
378 2649 450 2695 non
465 2625 579 2696 solam
593 2651 681 2698 voce
703 2653 812 2698 aasm
835 2645 904 2713 est,
922 2627 988 2698 sed
1009 2629 1137 2699 saltem
1153 2630 1364 2726 cogitatione

237 2739 512 2836 reprehendere,
534 2767 578 2812 ac
592 2767 661 2812 non
670 2747 793 2840 potius
804 2768 911 2839 super
929 2741 1035 2812 talem
1054 2743 1131 2840 ejus
1150 2742 1363 2813 benedictio·

237 2881 329 2947 nem,
344 2873 380 2928 et
396 2855 498 2928 corde
513 2858 674 2929 credente
695 2874 731 2928 et
744 2883 804 2928 ore
818 2861 1003 2942 confitente
1016 2857 1212 2952 respondit,
1229 2860 1365 2928 amen?

236 2975 336 3044 Sicut
350 2998 432 3072 ergo
449 2974 487 3043 in
503 2973 561 3044 tn
581 2972 821 3062 orationibus,
847 2975 898 3042 ita
917 2989 952 3042 ct
973 2975 1010 3041 in
1025 2971 1096 3041 tac
1105 2969 1188 3063 fiale
1205 2990 1293 3042 nata
1311 2989 1365 3044 est

237 3102 271 3155 et
291 3089 417 3158 crescit
434 3105 470 3159 et
487 3094 592 3160 crevit
607 3090 828 3160 Ecclesia...
850 3092 923 3160 Nec
935 3103 1053 3158 oraret
1066 3087 1227 3157 Ecclesia
1241 3104 1366 3185 utper·

237 3219 414 3273 severaret
438 3205 476 3274 in
493 3204 569 3292 fide
584 3205 765 3292 christu...
785 3205 858 3273 nisi
878 3201 1030 3273 crederet
1043 3205 1234 3273 Dominum
1256 3205 1309 3274 sic
1327 3205 1366 3274 in

230 3331 409 3413 potestate
426 3318 558 3391 habere
577 3343 639 3389 cor
655 3335 833 3407 nostram,
855 3331 894 3386 ut
913 3300 1038 3387 bonum
1060 3316 1156 3416 quod
1170 3342 1241 3386 non
1266 3334 1367 3388 tene·

236 3435 400 3505 musnisi
411 3440 612 3532 eapropria
634 3435 832 3522 voluntate,
852 3457 923 3503 non
947 3449 1069 3503 tamen
1089 3448 1275 3503 teneamus
1296 3436 1369 3504 nid

237 3550 311 3643 ipso
329 3549 483 3620 innubis
502 3567 664 3647 operetur
677 3550 824 3622 etvelle.
842 3552 941 3621 Nam
954 3552 989 3620 si
1001 3549 1078 3618 liaeo
1095 3547 1142 3617 ab
1163 3549 1242 3643 ipso
1249 3549 1367 3644 poscit

237 3663 424 3752 Ecclesia,
452 3664 520 3734 sed
532 3689 556 3733 a
581 3667 698 3760 seipsa
716 3663 787 3734 sibi
813 3663 895 3734 dari
911 3679 1039 3761 pund,
1063 3689 1133 3733 nan
1155 3687 1281 3752 verns,
1303 3661 1370 3732 sed

231 3779 498 3876 perfunctorias
518 3782 697 3850 orationes
720 3779 849 3866 baben·
866 3779 964 3878 qaod
976 3779 1073 3849 absit
1090 3803 1113 3848 a
1129 3777 1242 3848 nobis.
1267 3776 1366 3874 (Edi-

237 3895 289 3964 tio
305 3895 444 3991 Migne,
466 3911 489 3967 t.
508 3901 562 3986 X,
579 3921 615 3991 p.
646 3895 764 3993 1031.)

288 4011 368 4080 Haec
383 4012 567 4108 Augustini
586 4014 834 4110 argumentatio
850 4027 940 4098 tota,
959 4025 995 4079 ut
1011 4026 1123 4106 patet,
1145 4011 1267 4079 nititur
1287 4033 1366 4104 pre·

238 4126 411 4198 cationum
430 4129 614 4200 universali
631 4155 692 4200 usu
713 4131 747 4198 in
769 4128 906 4222 liturgia
921 4125 1150 4196 adhibitorum
1164 4125 1366 4196 auctoritate

126 4329 128 4332 ¹
238 4259 273 4317 et
295 4243 547 4319 infallibilitate.
580 4253 678 4318 Posse
703 4263 815 4318 autem
843 4243 1039 4340 hujusmodi
1067 4245 1278 4314 orationibus
1301 4241 1364 4312 ali·

237 4361 321 4456 quid
340 4365 473 4436 subesse
495 4363 590 4453 falsi,
610 4390 678 4434 non
705 4378 839 4432 tantum
869 4387 938 4431 non
964 4361 1114 4431 admittit
1133 4359 1364 4454 Hipponensis

237 4478 446 4577 Episcopus,
466 4480 526 4550 sed
545 4505 622 4549 cum
641 4480 785 4548 horrore
804 4478 933 4572 rejicit,
950 4475 1042 4547 absit
1063 4501 1087 4545 a
1103 4473 1219 4546 nobis.
