2982 5072
485 370 532 416 nn
556 367 645 416 suan
669 365 875 418 struncrco.
1198 351 1238 424 dt

13 507 14 518 ¹
123 497 232 593 «qu’is
254 495 388 568 l’entier
402 493 665 590 oplanissement
688 494 747 565 des
773 494 953 567 difficultds
976 493 1246 595 religieuses,la

121 643 138 680 a
152 611 369 707 jurisdiction
382 609 631 705 ecclesiastique
647 633 775 680 cessere
791 609 898 681 d’eue
909 609 1078 708 inroqude
1099 629 1132 687 et
1150 625 1245 687 exer-

121 755 137 792 a
155 728 228 817 cde,
243 739 318 796 tant
332 749 421 820 pour
433 723 466 794 le
476 723 574 819 passr's
596 749 662 818 que
675 749 765 820 pour
778 725 928 816 l'arenir,
950 743 1070 798 contre
1084 729 1131 801 les
1144 725 1247 802 adhe-

123 873 139 908 α
156 857 250 912 rents
265 843 308 911 de
324 841 356 910 la
375 839 565 911 confession
587 841 824 936 d’Augsbourg
838 867 881 912 en
898 857 974 914 tout
991 869 1029 914 ce
1051 848 1110 941 qui
1125 849 1248 918 touche

121 988 137 1022 a
156 957 187 1028 la
210 955 376 1052 religion,
398 954 428 1024 la
446 954 512 1040 toi,
533 954 564 1024 la
579 956 791 1025 nominatior
814 955 874 1027 des
890 957 1074 1046 ministres,
1089 960 1138 1032 les
1151 967 1246 1054 rites,

123 1070 364 1168 «re'glemeuts
394 1085 427 1139 et
446 1067 667 1140 ceremonies.
685 1099 703 1135 a
733 1069 844 1166 (Vide
875 1073 966 1166 apud
990 1073 1132 1165 Walter,
1151 1078 1249 1170 cujus

120 1211 207 1282 opus
232 1187 269 1255 in
299 1184 450 1279 linguam
481 1183 636 1276 gallicam
655 1184 721 1254 fuit
739 1183 979 1282 translatum.)
994 1191 1104 1258 Porro
1131 1215 1171 1260 ex
1190 1191 1249 1264 ilto

120 1315 217 1373 textu
246 1300 436 1396 legislativo
465 1300 513 1370 sic
544 1299 793 1372 ratiocinantur
818 1301 1031 1397 episcopalis
1064 1309 1251 1400 systematis

122 1417 259 1514 patroni
279 1441 288 1484 ε
308 1419 371 1486 Per
398 1413 483 1484 illud
516 1415 689 1486 decretum
720 1439 883 1510 suspensa
909 1416 976 1486 tuit
1005 1418 1252 1491 catholicorum
1338 1487 1343 1494 .

120 1533 372 1627 Episcopcrum
382 1529 577 1625 jurisdictio
590 1531 627 1600 in
640 1555 698 1599 eos
713 1530 901 1624 omnesqui
919 1529 1122 1603 confessioni
1139 1539 1253 1631 Augu·

121 1645 474 1730 stanaeadhaerebant;
487 1647 584 1739 atqui
593 1643 753 1740 suspendi
761 1669 831 1715 non
845 1645 1037 1741 potuithaec
1042 1648 1249 1744 jurisdictio,

123 1764 208 1857 quin
226 1786 290 1856 pro
310 1775 384 1831 toto
401 1776 555 1856 tempore
570 1761 803 1856 suspensionis
820 1761 1030 1832 tribueretur
1042 1763 1254 1860 principibus

124 1875 391 1972 temporalibus3
415 1901 497 1971 ergo
528 1901 589 1971 per
617 1875 703 1946 illud
725 1876 898 1946 decretum
928 1878 1098 1974 principes
1125 1895 1256 1977 tempo·

125 1991 214 2062 rales
227 1992 415 2086 provisorie
425 1989 697 2084 jurisdictionem
713 1989 939 2086 episcopalem
951 1991 1068 2088 adepti
1076 2009 1166 2065 sunt.
1180 1999 1254 2065 Jam

126 2128 207 2174 vero
233 2103 360 2172 nedum
387 2103 566 2173 cessaverit
595 2103 667 2172 hae'c
686 2100 928 2197 temporalium
947 2105 1139 2201 principum
1156 2109 1257 2202 jurie-

127 2219 245 2307 dictio,
264 2243 305 2287 ex
325 2219 514 2313 provisoria
542 2217 630 2288 facta
658 2231 709 2286 est
737 2214 866 2286 stabilis
895 2231 930 2286 et
959 2216 1154 2310 definitiva3
1174 2247 1257 2318 ergo

128 2333 332 2430 temporales
348 2335 519 2430 principes
535 2331 754 2429 temporalem
776 2347 810 2403 et
826 2333 1064 2430 epz'scopalem
1087 2335 1186 2406 simul
1199 2337 1255 2433 ju·

129 2451 359 2520 risdictionem
375 2450 514 2520 habent.
532 2450 640 2543 Cujus
657 2448 758 2517 nimis
779 2446 933 2518 absurdae
951 2453 1259 2544 argumentationis

130 2591 208 2636 curn
228 2591 297 2636 non
312 2589 438 2660 paucos
457 2567 650 2635 Germauiae
669 2578 895 2658 protestantes
913 2565 1075 2658 puderet,
1099 2567 1141 2636 ad
1156 2567 1255 2637 aliam

131 2681 376 2775 confugerunt,
394 2680 442 2750 sic
465 2679 681 2749 ratiocinium
696 2679 910 2748 instituentes
925 2703 934 2747 z
947 2679 1141 2774 Originarie
1158 2699 1259 2754 utra-

132 2822 199 2891 que
218 2811 368 2893 potestas
385 2795 429 2867 ad
451 2793 670 2890 temporalem
695 2794 885 2891 principem
912 2797 1078 2889 pertinet;
1100 2821 1181 2893 ergo
1196 2800 1261 2868 de-

133 2926 267 2982 cretum
287 2913 524 3008 suspensivum
537 2912 618 2982 anni
638 2908 729 2982 1555
748 2910 783 2979 id
806 2924 939 2979 tautum
956 2910 1086 2990 effecit,
1102 2927 1141 2980 ut
1157 2939 1261 2986 saecu·

135 3027 214 3098 laris
230 3042 379 3122 potestas
397 3028 491 3122 quod
506 3053 606 3098 suurn
625 3041 698 3096 erat
716 3025 854 3095 tandem
873 3011 1103 3116 recuperaret.
1121 3033 1182 3098 Ast
1205 3030 1262 3100 itta

135 3143 286 3214 secunda
300 3143 482 3239 explicatio
497 3142 619 3213 recidit
634 3143 668 3210 in
682 3155 825 3237 systema
839 3140 1061 3232 territoriale,
1075 3167 1094 3212 a
1108 3169 1177 3239 quo
1192 3171 1263 3216 non
1327 3149 1332 3158 “

137 3259 254 3330 diflert
272 3258 388 3330 saltem
408 3259 523 3354 quoad
542 3258 777 3329 substantiam.

189 3374 416 3452 Terr‘itorialc
431 3391 546 3445 autem
559 3375 692 3444 dictum
706 3387 756 3441 est
769 3386 927 3466 systema,
940 3396 1009 3465 quo
1025 3373 1170 3465 principi
1180 3389 1269 3442 tem-

137 3489 248 3586 porali
279 3491 479 3561 tribuuntur
502 3490 580 3584 jura
609 3488 721 3558 omnia
751 3487 926 3581 potestatis
945 3484 1193 3572 ecclesiasticae,
1220 3489 1271 3560 itu

141 3605 268 3676 scilicet
283 3619 322 3675 ut
341 3605 377 3676 in
397 3620 470 3676 toto
493 3629 555 3675 suo
574 3602 748 3674 territorio
767 3599 959 3696 temporalis
985 3602 1158 3698 princeps,
1179 3601 1271 3699 ¹qua·-

141 3736 241 3792 tenus
258 3720 346 3808 talis,
363 3721 534 3816 possideat
548 3721 648 3790 etiam
665 3717 874 3816 spiritualem
891 3719 1139 3790 auctoritatem.
1153 3723 1270 3810 Quam

140 3837 308 3906 theoriam
336 3837 379 3906 ab
408 3841 554 3933 Hugone
576 3834 700 3905 Grotio
721 3836 868 3930 primurn
894 3834 1138 3929 excogitatam,
1170 3837 1270 3908 multi

142 3969 259 4048 postea
281 3969 437 4025 auctores
452 3967 678 4050 protestantes
702 3951 944 4039 defenderunt,
961 3953 1052 4022 inter
1074 3979 1160 4048 quos
1176 3957 1269 4025 Tho·

141 4095 213 4139 mas
233 4071 396 4159 Hobbus,
418 4071 620 4160 Benedictus
639 4069 797 4164 Spinosa,
818 4067 1031 4138 Christianus
1057 4069 1272 4160 Thomasius,

141 4189 171 4255 J.
186 4189 231 4256 H.
244 4187 458 4274 Boehmerus,
478 4203 511 4258 et
530 4185 779 4282 copiosissimus
797 4182 977 4279 puhlicista
996 4187 1026 4254 J.
1050 4185 1081 4254 J.
1103 4189 1269 4256 Moserns.

198 4302 389 4403 Collegiale
401 4319 543 4400 systema
555 4302 724 4398 principio
740 4300 881 4370 omnino
895 4300 1027 4370 diverso
1045 4300 1176 4370 nititur.
1188 4299 1272 4370 Vult

146 4441 270 4514 nempe
283 4414 466 4490 Ecclesiam
485 4418 533 4490 nil
550 4416 642 4488 aliud
664 4441 849 4511 essequam
868 4414 1020 4510 quaedam
1038 4415 1273 4486 membrorum

1078 4529 1102 4601 6
