2978 5076
486 359 533 404 nn
557 357 646 406 suns
671 357 875 408 rnrunmco.
1168 337 1238 436 ²37

111 511 233 582 nempe
251 511 321 555 non
344 486 447 556 fnisse
472 487 508 555 in
538 486 659 558 Galliis
687 485 866 582 receptam,
892 485 1076 582 dupliciter
1099 515 1241 562 erronea

110 617 182 689 est;
211 601 323 696 quoad
344 602 401 695 jus
423 625 544 695 nempe
562 617 594 670 et
620 602 733 695 quoad
758 603 899 672 factum.
927 603 1050 690 Quoad
1071 603 1137 695 jus,
1160 607 1241 698 quia

109 718 271 811 supponit
287 716 361 786 sine
381 713 448 784 ulla
471 716 683 786 restrictione
709 741 778 786 non
804 716 961 810 obligare
976 721 1241 792 constitutiones

108 830 300 926 pontificias
335 830 400 898 nisi
425 829 659 924 recipiantur3
684 831 929 925 quodfalsum
955 847 1016 915 est,
1049 838 1077 902 si
1109 849 1241 906 constet

106 949 287 1014 Summum
302 943 503 1014 Pontificem
529 944 616 1014 velle
638 971 693 1015 eas
723 947 828 1040 recipi
859 961 895 1014 et
920 945 1082 1040 obligare.
1116 949 1240 1037 Quoad

106 1061 250 1142 lactum,
269 1061 348 1154 quia
367 1055 497 1130 certtuu
516 1075 577 1148 cst,
596 1077 636 1129 ut
657 1086 759 1156 supra
777 1059 888 1154 (parte
909 1085 965 1149 ttt,
978 1087 1053 1156 cap.
1083 1063 1140 1157 ιο)
1159 1089 1240 1157 pro·

105 1177 227 1244 batum
246 1190 307 1261 est,
333 1176 454 1244 Pianas
480 1173 589 1243 bullas
610 1174 712 1246 fuisse
730 1176 766 1243 in
790 1173 911 1246 Galliis
941 1191 1105 1272 receptas.
1124 1179 1238 1248 Tertia

106 1291 194 1359 ratio
206 1280 316 1384 'quam
332 1289 427 1358 addit
451 1289 575 1378 Collet,
591 1290 634 1360 ad
657 1290 810 1384 privatos
827 1315 896 1359 non
915 1307 1066 1384 spectare
1081 1294 1238 1386 quaestio·

106 1429 198 1490 nem,
221 1429 273 1473 on
291 1405 461 1500 Episcopi
475 1407 656 1499 potuerint
680 1429 769 1474 novo
787 1403 947 1474 invehere
969 1403 1156 1492 breviario,
1180 1405 1240 1476 do·

106 1511 251 1590 ctrinam
267 1518 509 1588 heterodoxam
529 1518 682 1588 involvit.
700 1518 850 1608 Quando
869 1522 960 1588 enim
978 1520 1073 1588 sedes
1089 1525 1238 1615 Aposto-

106 1634 170 1704 lica
192 1659 346 1729 expresse
369 1634 546 1727 prohibuit
564 1632 637 1730 lege
665 1633 862 1722 universali,
892 1659 936 1703 ne
964 1634 1125 1730 Episcopi
1147 1661 1237 1706 nova

105 1750 267 1817 invehant
289 1749 467 1836 breviaria,
488 1763 522 1816 et
541 1749 604 1817 ista
625 1748 792 1818 breviaria
810 1747 856 1816 ita
873 1747 1047 1818 damnarit
1064 1764 1102 1818 ut
1124 1748 1237 1818 nullus

104 1863 260 1956 privatus
281 1864 387 1957 possit
410 1888 471 1956 per
489 1887 528 1932 ea
552 1863 667 1932 debito
690 1863 853 1932 horarum
879 1866 1121 1934 canonicarum
1144 1867 1238 1936 satis·

105 1976 228 2068 facere,
253 1976 322 2046 non
350 1993 482 2047 tantum
506 1993 660 2073 possunt,
690 1978 750 2048 sed
779 1979 903 2048 debent
929 1981 1064 2072 privati,
1086 1979 1239 2072 judicare

105 2119 192 2163 nova
210 2093 407 2188 hujusmodi
422 2093 589 2164 breviaria
607 2106 726 2161 contra
741 2092 848 2186 legem
864 2093 1072 2186 pontificiam
1084 2096 1230 2176 invecta,

105 2234 178 2278 esse
196 2233 276 2278 vere
296 2207 534 2301 prohibita3et
554 2207 682 2276 debent
699 2231 737 2276 ea
756 2231 928 2301 respuere,
948 2222 982 2277 et
1000 2207 1070 2276 sedi
1089 2209 1236 2302 Aposto-

103 2324 175 2394 licae
194 2339 227 2393 et
250 2347 319 2391 non
338 2323 507 2416 Episcopo
525 2321 567 2416 (si
593 2322 692 2408 forte,
710 2320 803 2414 quod
828 2323 921 2389 Deus
943 2335 1087 2410 avertat,
1112 2336 1231 2392 contra

103 2465 176 2509 eam
214 2439 325 2507 sedem
366 2436 564 2532 rebellaret)
601 2436 751 2506 obedire.
785 2439 830 2504 Et
860 2452 950 2528 certe
980 2435 1024 2504 ad
1059 2437 1230 2530 privatum

102 2579 274 2650 quemque
296 2551 456 2622 clericum
480 2554 572 2622 horis
598 2552 769 2622 canonicis
799 2551 997 2622 adstrictum
1024 2567 1165 2648 spectat,
1195 2568 1233 2622 ut

102 2684 201 2740 curet
211 2668 411 2764 obligationi
428 2668 536 2737 divini
551 2667 657 2738 officii
674 2667 886 2756 satisfacere;
899 2693 939 2738 ac
954 2668 1097 2761 proinde
1109 2684 1149 2739 ut
1162 2694 1232 2738 non

102 2800 221 2855 utatur
231 2777 275 2853 ¹ea
296 2783 454 2870 formula,
473 2807 651 2881 perquam
669 2781 762 2852 sedes
782 2779 975 2875 Apostolica
991 2782 1144 2852 decernit
1164 2809 1233 2853 non

102 2925 200 2994 posse
214 2900 311 2968 dictae
329 2897 529 2992 obligationi
546 2897 711 2966 satisfieri.
729 2898 805 2968 Nec'
817 2895 1020 2966 catholicum
1040 2911 1091 2965 est
1105 2897 1228 2983 dicere,

102 3041 200 3109 posse
219 3013 324 3110 legem
350 3013 535 3110 superioris
565 3013 608 3081 ab
636 3011 798 3080 inferiore
825 3011 997 3104 abrogari,
1023 3026 1084 3080 aut
1104 3015 1230 3104 Papam

102 3155 171 3198 non
197 3153 267 3198 esse
290 3128 496 3222 superiorem
526 3125 717 3220 Episcopis.
741 3123 843 3195 Unde
866 3138 1019 3193 recentes
1041 3122 1091 3192 illi
1112 3123 1230 3195 Gallie

101 3258 258 3314 auctores
283 3244 340 3337 qui
364 3240 473 3310 bullas
494 3241 614 3310 Pianas
637 3239 734 3308 aliter
760 3237 955 3308 intellexere
983 3263 1022 3308 ac
1054 3240 1230 3309 universus

102 3361 280 3430 doctorum
303 3357 425 3428 scholae
442 3371 560 3442 coetus,
582 3357 723 3425 omnino
742 3347 918 3424 deserendi
941 3367 1116 3444 sunt,·nec
1137 3354 1171 3422 iu
1191 3378 1230 3424 ea

101 3501 138 3544 re
163 3472 369 3544 attendendi.

623 3597 642 3688 §
662 3599 708 3664 ll.

100 3778 170 3833 luris
183 3775 313 3848 liturgici,
327 3793 341 3828 a
354 3773 383 3833 S.
395 3774 441 3829 Pio
459 3773 482 3830 V
500 3772 584 3848 quoad
601 3772 759 3828 breviarium
773 3780 799 3828 et
818 3771 918 3827 missale
932 3771 1078 3837 constituti,
1093 3768 1228 3844 precipue

570 3861 760 3936 dispositioncs.

140 4035 331 4130 Propositio
345 4042 386 4106 ι’.
398 4033 584 4104 Baliarum
594 4033 791 4104 Pianorum
798 4029 980 4127 dispositio
991 4029 1230 4121 restrictojuit

99 4150 152 4220 od
160 4150 330 4222 ccclesias
342 4175 434 4248 quac,
449 4148 493 4220 do
504 4145 753 4220 consuetudine
766 4145 880 4218 uelde
892 4143 1149 4244 jure,liturgiae
1159 4150 1230 4214 Ec-

100 4267 217 4336 clesiae
235 4271 404 4337 Romanae
424 4262 745 4362 adstringebnntur.
759 4303 805 4316 ·-
817 4267 896 4334 Haec
914 4260 1085 4332 restrictio
1105 4257 1231 4353 pluries

102 4398 206 4476 atque
218 4383 379 4477 expressis
397 4381 551 4452 terminis
565 4382 599 4450 iu
618 4379 765 4475 prefatis
776 4377 875 4449 bullis
889 4376 1067 4472 reperitur.
1081 4376 1124 4442 In
1137 4369 1230 4440 bulla
