3004 5070
499 414 546 458 nn
566 411 655 459 snae
679 413 889 461 nrrnncrco.
1156 467 1160 470 ,
1183 387 1254 488 267

127 541 305 636 exemptis,
327 539 409 608 dicit
429 537 475 607 ibi
493 538 715 632 probabiliter
727 563 824 634 posse
837 539 981 608 clericos
1002 539 1157 632 privatim
1173 541 1257 608 reci·

127 673 200 726 tare
222 654 431 724 breviarium
449 653 606 740 Planum,
630 680 648 718 ι
672 653 778 722 modo
799 678 867 721 non
885 651 974 721 adsit
993 667 1197 748 praeceptum
1218 655 1254 722 in

128 801 146 836 e
170 770 397 858 contrarium,
415 783 453 836 ut
466 767 665 856 Mediolani,
679 767 736 837 ubi
755 767 866 836 clerici
881 793 920 836 ex
935 765 1071 837 decreto
1086 769 1129 836 Dr
1139 767 1253 838 Caroli

127 887 335 980 «jubentur
357 885 392 952 in
418 885 544 953 virtute
575 898 698 953 sanctae
720 883 921 953 obedientie
946 883 1048 952 horas
1074 883 1256 953 canonicas

128 1032 146 1065 ι
171 1001 316 1069 recitare
327 999 425 1091 juxta
440 999 673 1094 prescriptum
691 999 850 1067 breviarii
869 997 1105 1081 Ambrosiani3
1121 1020 1161 1065 ex
1182 1023 1255 1092 quo

128 1143 146 1177 α
169 1113 250 1182 licet
268 1113 405 1199 inferre,
419 1113 511 1205 justa
527 1113 570 1182 de
583 1139 696 1200 causa,
709 1112 852 1207 exempli
867 1111 976 1208 gratia
989 1111 1033 1182 ad
1047 1111 1252 1180 servandum

127 1256 146 1296 tr
168 1229 316 1324 proprioe
334 1226 479 1297 ecclesiae
493 1231 611 1316 ritum,
636 1229 715 1298 ferri
741 1253 839 1324 posse
862 1229 1142 1299 constitutionem
1164 1225 1254 1297 obli·

128 1375 146 1410 ι
172 1359 309 1440 gantem
321 1343 364 1411 ad
380 1341 591 1412 recitandum
607 1343 757 1413 officium
769 1345 867 1438 juxta
883 1343 983 1415 talem
1002 1343 1253 1430 ritum3conse·

127 1493 145 1526 a
168 1479 314 1558 quentcr
328 1457 478 1533 officium
499 1463 652 1532 divinum
668 1488 737 1532 non
752 1489 851 1560 posse
865 1462 1000 1532 recitari
1012 1463 1110 1556 juxta
1124 1463 1257 1531 breria-

127 1608 145 1642 α
172 1581 262 1648 rium
282 1583 476 1648 Romanum
498 1579 557 1648 nbi
574 1596 778 1675 praeceptum
803 1593 895 1649 extat
912 1579 947 1648 in
972 1581 1196 1668 contrarium,
1215 1592 1254 1647 ut

127 1725 146 1758 a
171 1693 356 1763 Mediolani
373 1693 520 1764 diximus
542 1695 694 1790 reperiri.
717 1727 735 1761 n
754 1693 857 1790 (vide
870 1696 1066 1765 citationem
1084 1695 1252 1789 integram

125 1835 229 1905 supra
243 1811 278 1878 in
296 1813 407 1904 primo
419 1811 522 1903 hujus
535 1811 655 1905 capitis
671 1809 911 1906 paragrapho.)
928 1809 1184 1881 Concordantes
1197 1832 1252 1878 re-

123 1928 302 2022 perientut
321 1925 378 1996 alii
397 1927 564 2014 doctores,
580 1948 601 1996 a
618 1951 765 2022 quomm
782 1927 940 1996 citatione
953 1926 1172 1996 abstinemus.
1186 1930 1254 1995 tta-

124 2045 237 2112 tiones
254 2059 367 2111 antem
390 2043 643 2138 aCastropalao
657 2043 826 2131 adductae,
840 2056 874 2111 et
888 2045 921 2113 S.
937 2041 1051 2114 Caroli
1068 2047 1253 2112 Borromaei

124 2157 248 2253 agendi
274 2159 405 2226 ratione
427 2155 653 2247 confirmatae,
674 2158 717 2226 ad
740 2173 866 2227 certam
891 2154 1105 2227 efficiendam
1129 2155 1250 2226 thesim

124 2271 283 2342 sufficere
297 2275 467 2344 videntur.

174 2387 365 2482 Propositio
384 2387 429 2458 5¹.
454 2387 526 2458 Ubi
548 2387 704 2460 babetur
730 2385 886 2488 legitime
899 2385 1087 2484 proprium
1113 2385 1251 2455 brevia-

124 2507 230 2589 rt'um,
240 2519 276 2572 et
285 2501 419 2573 nullam
430 2519 531 2574 extat
544 2503 718 2600 Episcopi
720 2517 939 2600 preceptum
949 2501 1040 2572 illud
1046 2499 1172 2596 (etium
1178 2502 1255 2597 pri-

125 2618 247 2706 vatim)
265 2617 463 2688 nrllribetteli
484 2619 627 2690 excluso
647 2623 827 2706 Romano,
850 2641 900 2688 nn
918 2618 1068 2716 quisque
1083 2618 1253 2712 putarim

124 2739 324 2804 Romanum
343 2737 491 2806 recitare
510 2737 638 2831 possit,
670 2733 814 2804 videtur
827 2736 1019 2804 etiamnum
1044 2733 1256 2803 controverti

118 2873 238 2942 posse.
257 2891 306 2903 -
327 2851 430 2940 Quod
448 2849 530 2920 olim
548 2877 602 2919 res
620 2863 840 2920 controversa
853 2847 971 2937 fuerit,
981 2864 1075 2944 patet
1091 2873 1132 2917 ex
1148 2845 1252 2916 docu-

123 2965 247 3032 mentis
264 2963 327 3033 sub
342 2965 556 3061 paragrapho
573 2965 683 3058 ptimo
703 2965 876 3059 praesentis
895 2963 1013 3057 capitis
1029 2960 1191 3030 collectis.
1208 2962 1253 3031 Et

123 3081 340 3149 communior
358 3079 494 3174 quidem
523 3077 660 3147 ridetur
684 3077 784 3146 fuisse
809 3077 974 3146 sententia
993 3100 1131 3169 negans,
1149 3097 1252 3170 quam

123 3196 298 3264 Suaresius
310 3193 572 3290 probabiliorem
584 3194 750 3263 existimat
762 3219 772 3279 ;
783 3219 852 3262 non
864 3213 962 3288 posse
971 3190 1097 3261 scilicet
1109 3193 1145 3260 in
1160 3187 1254 3260 dicto

123 3331 203 3378 casu
230 3307 381 3399 clericos,
401 3309 480 3378 licet
501 3309 662 3404 privatim
688 3309 888 3395 recitantes,
903 3308 1060 3378 Romano
1084 3305 1255 3376 breviario

101 3425 191 3511 uti,
211 3425 269 3494 sed
280 3425 460 3520 proprium
478 3425 684 3494 breviarium
706 3450 778 3494 esse
798 3426 842 3493 ab
860 3425 907 3493 eis
918 3421 1163 3492 adhibendum.

172 3544 227 3609 An
246 3556 358 3611 autem
372 3542 443 3611 haec
460 3543 691 3611 controversia
714 3542 816 3610 finem
836 3539 1002 3634 acceperit
1023 3563 1083 3631 per
1102 3535 1250 3632 aliquam

123 3654 212 3722 sedis
232 3655 435 3748 Apostolicae
453 3671 511 3724 aut
533 3657 847 3750 Congregationum
863 3657 1094 3724 Romanarum
1115 3652 1254 3720 decisio-

123 3792 217 3859 nem,
233 3771 317 3839 mihi
334 3787 545 3866 compertum
563 3797 631 3840 non
651 3785 713 3842 est.

172 3885 368 3956 Atlducitur
394 3886 533 3981 quidem
559 3911 578 3954 a
601 3888 739 3974 Garcia‚
762 3901 797 3956 et
815 3911 855 3954 ex
872 3885 996 3954 Garcia
1014 3909 1033 3950 a
1050 3880 1165 3950 multis
1179 3876 1254 3952 aliis

121 4001 306 4070 canonistis
317 4001 441 4070 decisio
461 4001 612 4096 quaedam
633 4023 734 4071 sacrae
751 4001 1036 4096 Congregationis
1047 3997 1202 4087 concilii;
1217 4013 1254 4068 at

125 4114 240 4184 nullus
255 4115 371 4210 (quem
384 4115 541 4212 viderim)
561 4116 689 4186 indicat
706 4140 776 4211 quo
796 4115 872 4186 loco
890 4118 927 4184 in
941 4115 1037 4185 libris
1049 4114 1254 4186 authenticis

122 4229 338 4299 decretorum
351 4231 472 4326 jaceat,
485 4233 532 4301 ita
552 4248 591 4302 ut
608 4255 682 4300 earn
700 4229 873 4300 verificare
892 4227 1114 4325 nequiverim.
1134 4231 1256 4322 Neque

122 4361 284 4439 praterea
296 4344 388 4414 illam
398 4346 489 4441 apud
503 4345 668 4415 Zamboni
683 4361 903 4415 memoratam
916 4345 1048 4430 iuveni3
1061 4345 1164 4433 unde,
1174 4367 1251 4412 cum

123 4459 307 4531 nonnullas
331 4463 538 4558 apocryphas
559 4461 725 4556 ejusmodi
746 4461 932 4532 decisiones
947 4474 1078 4530 veteres
1098 4475 1255 4530 auctores
