3004 5070
547 421 594 466 ns
617 417 705 468 tune
729 415 940 470 mruucrco.
1230 403 1299 475 263

177 575 195 609 u
211 546 296 614 Sunt
325 570 399 641 qum
431 549 641 642 [ireceptiris
668 549 819 618 torminis
854 565 1023 640 constant,
1049 567 1127 646 putu
1156 555 1304 623 recitari

176 689 194 724 a
207 658 333 731 dedere
352 666 500 750 censuit,
513 663 608 753 ficri
627 661 791 748 detenet,
815 666 967 736 recitate
989 679 1188 754 tencantur,
1212 669 1270 738 cet
1286 708 1301 723 ·

175 775 304 846 «beatri
327 777 522 865 citanduvr't,
548 795 672 878 tegunt,
691 795 755 850 etc.
781 783 825 848 Et
848 803 923 867 urm
944 781 1048 852 verba
1074 784 1198 890 quibus
1220 799 1300 853 sunt

174 914 374 987 conpressu,
397 909 600 989 preceptum
628 919 668 964 uc
688 896 887 966 mandatum
916 897 1099 992 importent
1119 899 1153 967 in
1176 923 1303 970 conce-

175 1037 192 1072 «
206 1008 319 1095 dente,
333 1008 581 1104 obligationem
599 1025 632 1078 et
653 1011 803 1080 debiturn
825 1012 858 1080 iu
879 1011 918 1080 iis
941 1011 1064 1105 quibus
1082 1011 1301 1084 officiacom·

175 1125 401 1214 emittuntur,
433 1125 574 1193 dubium
608 1141 752 1195 nonest
783 1127 875 1221 quud
909 1125 1088 1222 designant
1115 1129 1231 1198 officia
1258 1131 1301 1200 de

173 1257 387 1332 «precepto,
410 1240 615 1333 adquorum
631 1241 864 1310 recitationem
883 1243 1072 1338 inproprie
1089 1243 1145 1313 die
1153 1244 1219 1340 (vel
1236 1247 1300 1324 huc

175 1355 378 1449 uitrtpudito‚
401 1356 565 1451 inprime
591 1378 660 1427 non
688 1355 880 1450 impedito),
895 1357 1012 1426 -cierus
1035 1373 1147 1428 menet
1176 1360 1299 1429 adstri-

174 1496 191 1533 ιι
205 1485 291 1539 ctus.
315 1470 389 1540 Atia
409 1487 489 1540 suut
515 1493 592 1568 qum
611 1473 765 1540 terminis
794 1473 995 1542 fuctdtativis
1021 1490 1101 1543 suut
1123 1489 1300 1571 concepta,

175 1614 191 1647 u
207 1600 240 1654 et
259 1585 398 1681 insuper
412 1587 575 1656 adnexam
592 1587 716 1656 trabant
731 1587 880 1659 notulam
894 1587 948 1656 ut!
956 1586 1093 1658 tticum
1102 1615 1117 1674 ‚·
1133 1587 1299 1677 vimmo,

176 1729 193 1764 u
206 1699 354 1772 demulsit
361 1703 453 1794 steri
473 1702 525 1772 ud
538 1702 676 1772 lituum
702 1703 797 1789 cleri,
828 1702 1002 1773 celebrum
1013 1727 1123 1798 pesse
1147 1701 1199 1772 ud
1218 1702 1301 1773 titt-

173 1846 189 1880 «
205 1833 277 1886 tum
299 1820 484 1902 concessit,
511 1833 576 1887 etc.
605 1821 748 1887 Etcum
772 1817 967 1910 hujusmodi
991 1817 1161 1912 expressio
1186 1817 1300 1887 indul-

170 1961 188 1996 «
205 1933 351 2026 gentiam
373 1933 512 2002 denotet
534 1930 569 2001 in
595 1933 814 2019 recremento,
832 1949 867 2002 ct
892 1933 1027 2002 lihitum
1052 1957 1110 2002 sou
1136 1933 1297 2028 placitum

168 2075 189 2110 u
205 2048 240 2115 iu
268 2046 371 2138 clero,
402 2048 636 2142 traheremque
660 2049 695 2116 iu
720 2068 759 2116 ea
785 2047 909 2116 diserte
935 2046 1052 2116 notula
1072 2046 1127 2116 ud
1145 2047 1297 2136 libitum,

167 2166 277 2259 equis
299 2191 451 2261 unquam
476 2169 661 2262 mubigerat
689 2168 735 2236 sic
755 2187 913 2236 concessa
946 2165 1058 2236 officia
1084 2167 1129 2236 ad
1155 2165 1296 2236 classem
1345 2152 1347 2158 ¹

169 2281 366 2352 «festorum
388 2282 430 2350 ad
447 2282 581 2350 iihitum
608 2303 677 2350 non
700 2305 774 2350 esse
792 2281 1002 2351 revocanda?
1024 2285 1112 2351 Sunt
1136 2281 1294 2376 denique,

168 2418 276 2490 aquae
295 2420 355 2491 per
372 2398 472 2468 verbu
489 2397 624 2492 quidem
637 2398 815 2468 dtrtntamt
837 2393 1032 2467 facultativa
1049 2413 1184 2468 exarata
1205 2399 1297 2466 inve·

169 2539 185 2576 u
201 2514 352 2602 niumm,
368 2512 424 2580 scd
436 2515 512 2581 sine
529 2513 702 2582 additione
720 2513 846 2584 notulae
859 2512 912 2582 ud
924 2512 1065 2584 dt'dt'tum
1073 2543 1088 2599 ;
1105 2513 1294 2607 cujusmodi

166 2655 185 2688 e
199 2641 292 2715 sum,
319 2629 412 2697 verbi
438 2630 557 2721 gratia,
581 2629 675 2718 ficri
685 2653 793 2723 pesse
821 2631 1002 2715 concessit,
1029 2629 1175 2698 recitum'
1188 2652 1296 2723 posse

138 2773 143 2782 ·
168 2743 342 2810 «censuit.
362 2744 408 2809 Et
424 2741 468 2810 de
490 2740 542 2810 his
570 2741 739 2810 dubitatio
765 2742 933 2838 procedit,
961 2743 1004 2812 ud
1032 2765 1135 2836 quam
1157 2741 1293 2812 classem

168 2885 185 2920 «
200 2857 363 2926 distorum
388 2859 597 2950 pettineuut3
623 2857 666 2928 ad
691 2857 882 2943 libitudine,
906 2880 950 2926 au
976 2858 1017 2928 de
1041 2873 1223 2953 precepto,
1250 2881 1293 2926 an

167 2992 276 3041 «vero
303 2974 435 3042 tertiam
455 2974 637 3067 quetndam
665 2975 874 3042 constit-nant
900 2973 1046 3065 speciem
1071 2997 1146 3066 quae
1171 2973 1295 3044 mediet

167 3115 184 3152 u
200 3089 288 3157 inter
304 3087 388 3158 festa
403 3089 444 3157 de
462 3103 632 3183 precepto
649 3104 683 3158 et
697 3083 740 3156 ad
757 3087 894 3158 tticum
909 3115 926 3152 u
941 3088 1029 3182 (cap.
1051 3086 1111 3173 23,
1128 3088 1170 3156 de
1188 3089 1294 3158 Festis

167 3203 293 3272 deuon
315 3220 494 3300 praecepte,
521 3220 602 3274 tom.
629 3206 675 3291 11,
703 3229 778 3300 pag.
800 3203 867 3290 st,
892 3203 975 3272 edit.
1005 3206 1142 3293 'venem
1173 3199 1292 3298 1758).

164 3321 440 3392 controversiam
473 3320 516 3390 de
540 3321 642 3390 tertia
672 3317 1070 3404 murcomannum,
1104 3321 1138 3386 in
1165 3317 1293 3412 quibus

132 3467 136 3474 ·
164 3459 287 3530 nempe
306 3459 370 3506 nec
401 3437 602 3529 exprimitur
621 3449 844 3530 praoeeptum,
877 3455 938 3507 nec
966 3436 1152 3528 apponitur
1172 3431 1289 3503 notula

162 3549 215 3620 ud
235 3549 385 3634 tetram,
409 3551 481 3620 fuse
506 3551 632 3620 ibidem
658 3551 798 3620 discutit
823 3549 1037 3637 Caralierus3
1059 3561 1096 3618 et
1118 3547 1290 3618 concludit

162 3662 357 3760 hujusumodi
378 3665 459 3736 festa
474 3667 641 3737 cernenda
660 3688 732 3736 esse
754 3667 795 3736 de
818 3680 987 3763 precepto
1000 3680 1191 3763 postquarie
1207 3661 1288 3757 fuc-

161 3797 245 3851 rtctrt
258 3797 468 3878 acceptam
490 3783 582 3876 quod
607 3781 707 3853 variis
732 3807 836 3854 samec
856 3781 1140 3876 Congregationis
1159 3780 1287 3848 ritmtm

161 3895 445 3988 decimationibus
457 3913 719 3968 consentaneum
738 3900 1050 3994 proburecouatur.

131 4051 135 4062 ·
212 4014 273 4080 His
279 4015 487 4109 praenotatis,
497 4013 539 4083 ad
553 4014 849 4083 demonstrandam
871 4013 1003 4100 thesim,
1017 4014 1196 4106 qttaecirca
1208 4033 1287 4082 corr·

160 4129 327 4197 cessiones
344 4129 408 4199 sub
422 4146 600 4226 precepto
623 4129 796 4198 dumtaxat
818 4145 983 4217 versatur,
1006 4128 1216 4198 accedamus.

129 4273 135 4280 ·
210 4249 241 4314 l.
259 4247 427 4315 invictum
446 4246 635 4316 desumitur
651 4259 890 4340 argumentum
912 4258 1137 4340 estpotestate
1156 4241 1289 4335 legisla-

161 4360 231 4428 tiva
251 4359 339 4430 sedis
360 4361 563 4456 Apouoiicae
580 4362 617 4430 in
631 4359 855 4430 universalem
871 4358 1065 4430 Ecclesiam.
1079 4360 1218 4426 Certum
1237 4371 1288 4426 cst

159 4495 286 4571 nempe
302 4499 400 4572 posse
418 4481 610 4548 Romanum
628 4476 829 4552 Pontificem
845 4474 935 4572 leges
954 4471 1187 4568 disciptinares
1198 4469 1289 4542 terre
