3018 5070
531 359 577 404 nn
602 359 688 408 suaa
714 359 924 411 utaunarco.
1245 335 1289 432 75
1375 371 1377 376 ·
1422 397 1426 406 .

209 481 411 556 Universale
425 507 509 577 ergo
523 497 584 572 est,
595 483 786 556 solemneet
797 499 1010 580 perpetuum,
1021 484 1237 579 liturgiarum
1249 485 1294 556 de

119 603 122 608 “
161 598 341 694 praesentia
358 595 441 668 reali
452 597 536 669 etde
551 600 930 672 transsubstantiatione
940 601 1186 685 testimonium
1199 614 1292 671 certa

160 737 242 806 ergo
270 711 523 782 demonstratur
548 711 705 786 Ecclesiae
732 712 903 786 catholicae
925 714 968 786 de
994 715 1049 786 his
1075 714 1294 809 dogmatibus

160 827 257 911 fides3
276 851 354 896 vora
375 851 456 921 ergo
477 827 546 896 haee
565 826 734 921 dogmata.

207 941 400 1034 Propositio
425 947 492 1013 12³.
515 946 589 1014 Per·
605 940 787 1041 liturgiam
802 941 950 1037 probari
960 957 1084 1038 potest
1102 941 1233 1042 dogma
1247 942 1292 1013 da

155 1055 379 1152 purgatorio.
395 1095 444 1108 --
463 1048 689 1128 ln'hodierna
712 1055 849 1149 liturgia
877 1081 1019 1128 romana
1052 1058 1176 1151 dogma
1204 1056 1290 1128 illud

159 1168 248 1240 clare
262 1170 462 1262 exprimunt
482 1168 634 1240 formulae
657 1172 691 1240 in
717 1172 823 1240 missis
843 1171 1090 1244 defunctorum
1116 1172 1291 1260 adhibitae,

159 1285 372 1356 utomnibus
387 1299 508 1355 notum
525 1300 589 1358 en.
607 1287 760 1380 liturgia
784 1302 898 1359 autem
924 1286 994 1376 illa,
1023 1311 1097 1380 quae
1128 1284 1229 1356 simul
1249 1286 1294 1356 do

163 1398 256 1472 lacto
300 1399 391 1493 apud
420 1399 684 1494 quamplurimas
714 1401 869 1474 eeclesias
900 1401 1083 1474 catholicas
1111 1401 1222 1492 viget,
1252 1401 1291 1470 in,

159 1514 353 1609 profitenda
371 1514 449 1583 fidei
469 1516 623 1586 doctrina
650 1542 791 1588 erronea
815 1543 887 1588 esso
908 1519 1037 1611 nequit.
1066 1515 1135 1588 sed
1151 1517 1290 1610 insanior

158 1630 247 1700 idem
270 1632 460 1726 purgatorii
481 1631 604 1726 dogma
626 1633 673 1702 sic
692 1657 884 1726 expressum
908 1634 1077 1728 reperitur
1104 1632 1138 1698 in
1166 1629 1297 1702 missali

159 1745 310 1840 gothico,
342 1748 465 1841 pagina
492 1745 563 1816 250
587 1774 596 1816 ε
621 1753 836 1821 Praesentem
863 1751 983 1844 itaque
1003 1746 1216 1818 oblationem
1238 1747 1292 1816 ita

158 1859 378 1932 talaberam
412 1859 591 1932 medelam
609 1861 829 1947 strenuom,
859 1861 1037 1960 defunctis·
1069 1860 1294 1958 refrigerium

152 1977 363 2070 prae.rtet.Et
375 1977 500 2070 pagina
512 1975 580 2049 260
595 2001 603 2045 ι
622 1979 671 2048 Ut
686 1975 1290 2048 interveniosanericlemeumon-

160 2091 284 2160 tocius
297 2107 334 2162 et
350 2091 517 2182 martyres
538 2092 600 2176 tui,
621 2089 798 2184 defunctis
808 2090 1076 2175 absolutionem,
1087 2087 1289 2160 viventibus

160 2203 289 2277 tribuat
300 2205 464 2278 salutem.
480 2209 524 2276 Et
538 2206 660 2300 pagina
674 2203 759 2276 26st
774 2205 1290 2300 Depreeenmromm'potentem

161 2326 288 2407 Deum,
313 2336 351 2392 ut
367 2321 439 2392 illie
453 2319 699 2416 defunctorum
723 2322 865 2392 animus
882 2319 1079 2414 transferat
1097 2344 1120 2388 a
1140 2333 1291 2403 tanturn,

160 2462 226 2533 quo
243 2435 401 2531 illum(1)
413 2439 689 2509 caussaamorcs
701 2433 954 2508 suiadsumeru
967 2433 1136 2534 dignutus
1146 2449 1199 2506 est
1205 2447 1291 2528 post

162 2549 390 2644 triumphum.
405 2554 447 2620 Et
458 2551 587 2646 pagina
598 2552 669 2646 319
688 2577 696 2619 ε
716 2549 1031 2646 Itudefuoctorum.
1043 2552 1174 2622 animm
1185 2547 1291 2622 lasu-

162 2664 204 2734 tr's
228 2665 362 2758 inferni
369 2666 573 2760 pressuras,
589 2664 747 2736 Abrullae
765 2667 886 2761 patris
902 2667 1036 2763 gromen
1058 2665 1290 2738 contonam.

205 2779 366 2850 Eamdem
387 2780 534 2873 reperies
550 2771 740 2874 expressam
762 2779 861 2850 ladem
887 2781 921 2848 in
937 2780 1201 2852 sacramentario
1219 2775 1296 2872 gal·

160 2892 283 2985 licano‚
299 2897 335 2963 in
356 2897 510 2966 oratione
529 2922 591 2990 pro
612 2897 779 2968 defunctis
804 2897 935 2966 sabbati
962 2896 1101 2990 sancti(
1129 2893 1291 2966 Mahillo·

160 3011 252 3100 nius,
275 3014 440 3082 Musaeum
460 3009 627 3096 italicum,
647 3026 730 3080 tom.
756 3035 783 3094 t,
802 3037 880 3104 pag.
904 3009 1002 3104 321).
1178 2993 1181 2999 ⁵

207 3128 320 3196 Graeci
354 3125 556 3196 schismatici
582 3126 721 3194 nonnisi
759 3151 779 3198 a
819 3141 968 3220 quatuor
998 3125 1132 3197 circitor
1160 3121 1291 3198 secutis

158 3243 395 3336 purgatorium
411 3255 590 3336 negarunt.
612 3245 673 3312 Ast
687 3241 758 3312 haec
784 3266 902 3313 eorum
927 3243 1065 3336 negatio
1086 3237 1170 3312 nihil
1192 3263 1291 3310 notat-

158 3383 261 3428 mune
287 3357 390 3428 habet
410 3382 487 3430 cum
523 3358 787 3451 protestantium
809 3381 935 3428 errore.
957 3357 1066 3428 Grmoi
1093 3356 1185 3424 enirn
1201 3353 1289 3424 sehi-

159 3475 288 3544 smatioi
303 3498 343 3542 eo
360 3498 459 3544 sensu
480 3487 613 3544 tantum
635 3473 874 3569 purgatorium
889 3485 1030 3565 negant,
1053 3468 1146 3563 quod
1165 3465 1291 3536 delua-

160 3600 292 3656 ctorum
309 3587 429 3656 animae
452 3611 527 3680 quae
543 3587 656 3658 statim
676 3583 799 3657 eaelum
821 3609 891 3654 non
910 3583 1161 3679 ingrediuntur,
1183 3582 1224 3650 io
1238 3583 1291 3652 ἰη-

151 3700 300 3794 ferum
327 3702 498 3796 expiandae
515 3703 662 3796 migrent
682 3717 823 3771 :atvero
846 3698 919 3772 illas
939 3701 985 3772 ihi
1011 3699 1136 3772 uostris
1164 3698 1291 3770 oratio·

158 3817 260 3886 uibus
272 3830 306 3886 et
320 3815 541 3888 eucharistico
559 3816 745 3909 praesertim
770 3816 938 3890 sacrifirio
959 3815 1072 3910 juvari
1092 3813 1289 3886 admittunt.

159 3930 255 4002 Unde
271 3932 383 4024 quoad
402 3931 583 4004 utilitatem
600 3931 850 4003 tradendarum
871 3957 933 4027 pro
949 3929 1119 4004 defunctis
1136 3953 1289 4022 precum,
1387 3954 1389 3958 ·

160 4047 301 4116 omnino
316 4072 394 4117 curn
411 4046 588 4120 catholicis
606 4047 861 4135 sentiuntQuae
872 4047 960 4118 fides
975 4047 1011 4120 in
1021 4046 1174 4120 omnium
1190 4065 1294 4136 gene·

160 4162 259 4232 ratim
286 4161 503 4236 orientalium
530 4161 768 4252 ecclesiarum,
797 4163 899 4234 etiam
918 4163 1231 4246 schismaticarum,
1249 4155 1286 4224 li·

175 4358 178 4366 i
197 4395 234 4468 (l)
253 4395 353 4474 Nempe
368 4405 486 4456 uantum
498 4395 679 4456 sommum.
