2982 5072
493 391 539 435 oa
562 391 649 438 ruat
675 391 881 440 ttuunorco.
1179 370 1249 444 ‘155

125 523 188 590 «ὃ.
212 515 345 606 Marci,
368 532 401 588 et
420 517 455 588 in
477 529 595 588 octava
617 521 864 614 Assumptionis
880 521 1029 616 ejusdcm
1051 528 1093 592 B.
1117 525 1247 594 Mariae.

123 637 166 702 al
185 633 294 728 igitur
310 657 420 722 nunc,
439 648 473 702 ct
488 634 656 724 inficiare,
676 637 703 704 si
718 635 831 725 vales,
849 638 942 732 quod
959 639 1093 710 decrma
1108 640 1151 710 ad
1165 642 1249 735 peti-

122 750 279 820 «tionem
304 747 560 845 particularium
583 767 759 841 emanata,
783 750 861 822 licet
878 755 1062 851 generabit
1089 751 1249 850 inscripta

121 891 220 936 anon
242 866 331 955 sint,
361 889 426 958 pro
457 863 571 960 regula
600 865 749 961 generali
778 893 993 963 nequaquam
1019 871 1212 942 deserviant
1230 902 1248 936 a

121 979 325 1075 (Cavalieri,
347 995 429 1052 tom.
458 985 493 1067 1,
516 1007 592 1077 pag.
625 1007 710 1078 171,
729 983 809 1054 edit.
830 986 968 1074 Vocet„
993 984 1117 1082 1758).
1146 1017 1164 1054 α
1182 993 1247 1060 Su·-

122 1126 138 1162 α
156 1111 270 1192 pereat
291 1096 398 1168 solutn
417 1097 590 1167 videamus
612 1123 674 1168 cur
690 1098 855 1168 nonnulla
875 1099 1048 1196 (decreta)
1062 1102 1248 1198 generalia

121 1241 138 1278 a
157 1201 322 1282 notentur
340 1238 347 1280 :
371 1215 414 1281 Et
433 1211 467 1280 id
484 1227 522 1282 ut
542 1212 726 1307 plurimum
742 1217 871 1304 evenit,
894 1216 973 1310 quia
991 1241 1083 1286 sacra
1099 1219 1248 1313 Congre-

120 1356 137 1394 α
155 1329 249 1424 gatio
264 1341 359 1396 motu
374 1328 512 1421 proprio
526 1353 564 1398 ea
576 1329 699 1420 edidit,
711 1346 745 1399 et
758 1357 828 1400 non
837 1331 881 1400 ad
893 1333 1089 1426 petitionem
1106 1332 1247 1427 alicujus

122 1441 371 1540 «particularis
396 1442 561 1533 ecclesim3
582 1444 635 1516 vel
657 1447 685 1515 si
706 1446 748 1516 ad
771 1448 966 1540 petitionem
989 1446 1246 1541 particularium

120 1590 135 1626 a
154 1559 382 1632 ecclesiarium
394 1577 573 1649 emanant,
587 1561 621 1630 id
638 1563 737 1630 unice
751 1561 789 1632 fit
800 1563 843 1632 ad
858 1563 1053 1658 importuna
1067 1562 1246 1632 resecanda

118 1705 136 1745 a
151 1674 395 1748 nonnullorum
412 1677 535 1764 dubia,
553 1678 631 1772 qui,
651 1704 729 1748 cum
745 1679 815 1772 jam
829 1679 939 1748 decisa
957 1679 1047 1748 ltaud
1067 1680 1149 1772 ipsis
1165 1679 1247 1746 arri

119 1821 137 1862 a
155 1793 281 1880 (leam,
298 1794 469 1864 continuis
485 1795 806 1890 interrogationibus
830 1795 980 1866 eamdem
1003 1796 1248 1890 Congregatio-

120 1937 135 1972 a
153 1933 232 1978 nem
248 1907 418 1978 lacessere
429 1934 602 2002 nunquam
615 1910 798 2000 desinunt;
817 1909 868 1979 vel
878 1910 1029 2004 'denique
1044 1925 1081 1980 ut
1098 1908 1247 2004 promul-

121 2051 136 2086 α
155 2037 300 2118 gantur,
319 2038 354 2092 et
375 2037 577 2092 cunctorum
601 2025 730 2094 notitiae
753 2025 995 2114 exhibeantur,
1013 2024 1157 2119 qualiter
1175 2051 1244 2094 non

120 2138 269 2206 revenit
293 2139 331 2204 in
365 2137 627 2208 resolutionibus
656 2166 732 2232 qum
761 2141 803 2208 ab
832 2140 1002 2225 ecclesiis,
1027 2141 1070 2208 acl
1098 2165 1244 2233 quarum

120 2281 136 2317 α
158 2253 335 2322 instantias
349 2253 446 2322 editae
462 2255 610 2344 fuerunt,
624 2253 910 2324 nomenclaturam
923 2256 1111 2350 accipiunt,
1125 2271 1246 2349 utpote

116 2395 134 2432 a
150 2393 227 2462 quae
253 2367 364 2439 solum
388 2370 424 2438 in
442 2368 587 2440 ecclesiis
605 2371 729 2440 eisdem
754 2371 900 2440 assolent
920 2369 1149 2466 promulgari3
1167 2371 1245 2442 licet

113 2513 134 2552 a
154 2499 274 2580 poste'a
285 2511 329 2556 ex
345 2486 411 2557 boc
429 2487 567 2556 minime
579 2486 654 2580 fiat,
672 2503 709 2557 ut
726 2488 904 2558 universali
922 2487 1095 2577 Ecclesiae,
1112 2491 1245 2583 nunties

119 2628 134 2664 a
154 2601 395 2689 innotescunt,
413 2627 483 2672 nou
504 2603 651 2696 possint,
671 2602 777 2674 immo
790 2629 861 2672 non
879 2604 1022 2674 debeant
1042 2605 1076 2672 in
1093 2602 1244 2699 regulam

120 2743 136 2778 a
155 2715 326 2786 deservire
343 2746 360 2785 a
379 2714 592 2812 (Caeubani,
612 2732 694 2788 torn.
721 2723 759 2804 1,
778 2741 854 2812 pag.
880 2743 969 2814 ¹7²³
990 2718 1072 2788 edit.
1098 2723 1245 2808 Venet,

124 2827 246 2924 1758)
346 2845 349 2850 '

167 2947 294 3014 «Sunt
315 2945 375 3038 qui
397 2943 539 3014 irrident
560 2945 754 3038 hujusmodi
777 2945 911 3014 decreta
928 2969 1030 3014 sacrae
1046 2950 1243 3042 Congrege-

120 3061 275 3147 ationis,
291 3085 437 3154 quorum
462 3087 568 3130 unum
587 3059 683 3130 alteri
706 3062 915 3130 contrarium
938 3075 1004 3148 est,
1022 3062 1244 3156 ejusdemque

118 3177 417 3272 «derogatorium.
445 3181 571 3247 Verum
591 3179 646 3246 isti
676 3177 858 3270 irrideant,
881 3178 929 3248 fas
950 3194 1020 3269 est,
1050 3178 1140 3274 leges
1175 3196 1242 3250 tam

118 3320 136 3357 α
151 3290 268 3360 civiles
291 3317 393 3385 quam
419 3293 613 3380 canonicas3
632 3292 795 3362 irrideant
817 3307 942 3362 statuta
962 3293 1180 3387 particularia
1204 3320 1243 3362 ae

118 3435 136 3472 α
151 3406 393 3502 municipalia,
420 3433 460 3478 ac
481 3409 742 3478 constitutiones
762 3411 851 3501 ipsas
872 3408 1077 3501 pontificias,
1099 3431 1242 3502 quarunt

118 3521 276 3618 «alique
294 3525 471 3594 contrariae
488 3539 567 3594 sunt
584 3539 618 3593 et
632 3523 853 3620 derogatoriaa
867 3524 1032 3619 priorum.
1048 3528 1135 3593 Cum
1152 3524 1242 3591 enim

118 3638 185 3708 «in
211 3637 323 3734 legum
342 3640 538 3710 conditione
558 3655 705 3734 tempus,
727 3637 822 3708 locus
840 3654 873 3708 et
889 3637 1148 3733 quamplurimae
1170 3636 1245 3706 aliae

117 3783 134 3817 α
149 3755 412 3826 circumstantiae
427 3757 660 3851 inspiciantur,
672 3757 797 3826 mirum
809 3781 881 3825 non
894 3770 943 3825 est
956 3757 984 3824 si
994 3755 1242 3824 adeamrndem

118 3871 389 3959 «variationem,
412 3872 573 3967 oppositae
592 3871 799 3967 quaudoque
822 3871 912 3966 leges
931 3870 1097 3966 proclam
1121 3893 1160 3939 ac
1188 3893 1243 3940 ra·

118 4015 135 4052 a
149 3988 363 4082 sponsiones,
371 4011 412 4058 ac
421 3988 571 4082 priorum
587 3987 823 4081 derogatoriae3
834 3986 997 4080 quoniam
1010 3984 1103 4078 quod
1113 3985 1242 4056 bonum

116 4127 190 4174 asc
219 4102 300 4174 utile
326 4119 398 4193 est,
430 4118 539 4176 tractu
565 4102 726 4197 temporis
752 4127 794 4170 ae
820 4103 958 4172 mutatis
984 4101 1243 4170 circumstantiis

118 4247 137 4286 α
151 4221 265 4290 minus
281 4221 412 4292 bonum
427 4237 487 4292 aut
505 4221 625 4292 inutile
633 4247 705 4290 non
721 4218 824 4290 semel
840 4219 1023 4290 evadit-Et
1037 4216 1115 4287 lieet
1128 4221 1244 4286 Patm

118 4364 135 4402 α
151 4335 201 4405 illi
220 4338 475 4408 eminentissimi
494 4337 732 4433 sapientissimi
749 4337 833 4425 sint,
851 4351 885 4406 ct
903 4333 1100 4406 non-solum
1119 4358 1180 4427 per
1197 4355 1243 4418 se,

117 4481 136 4520 e
151 4453 212 4524 sed
230 4453 332 4526 etiam
350 4480 414 4551 per
432 4457 524 4528 viros
542 4455 763 4550 peritissimos
785 4451 1029 4524 controversias
1046 4465 1081 4518 et
1101 4444 1244 4517 difficul-
