3018 5070
484 403 531 449 aa
555 401 643 450 tuna
668 403 874 451 mruncrco.
1194 383 1244 481 69

167 531 256 622 Ergo
269 525 450 596 universali
465 551 548 596 voce
562 552 625 621 per
637 526 808 622 liturgiam
823 528 972 598 Ecclesia
987 527 1153 600 catholica
1165 532 1246 600 Dei·

122 667 205 738 pare
227 657 427 737 perpetuam
448 641 681 736 virginitatem
707 641 911 735 profitetur3
933 669 1015 740 ergo
1041 669 1156 714 verum
1179 646 1244 715 hoc

122 759 252 853 dogma.

166 873 355 966 Propositio
386 871 436 943 6¹.
474 873 634 970 Litargia
668 873 775 942 Beati
807 874 909 942 Petri
943 888 978 943 ct
1006 878 1244 944 Romanorum

121 988 329 1076 Pontificum
340 990 563 1084 primatum,
588 990 697 1058 etiam
708 985 993 1084 jurisdictionis,
1015 987 1244 1061 demonstrat.

122 1107 344 1172 -Romanae
371 1101 537 1198 liturgiae,
566 1103 645 1172 satis
671 1118 751 1172 nota
778 1117 858 1172 sunt
878 1100 1082 1196 multiplicia
1109 1105 1150 1173 de
1179 1105 1245 1176 hoc

121 1219 261 1310 primatu
286 1218 489 1287 testimonia.
508 1224 554 1287 At
572 1231 760 1286 consonant
783 1231 816 1286 et
835 1232 905 1286 tota
928 1233 1021 1287 retro
1043 1217 1246 1311 antiquitate

122 1331 274 1427 liturgiae.
298 1333 511 1402 Leonianum
534 1336 855 1424 sacramentarium,
873 1333 1031 1402 columna
1058 1333 1122 1404 231
1146 1339 1246 1405 :Pro

120 1471 185 1544 quo
197 1449 340 1544 (nempe
353 1474 394 1517 ex
409 1473 449 1518 eo
462 1449 554 1544 quod
567 1453 686 1518 Petrus
701 1449 911 1518 divinitatem
929 1450 1057 1520 Christi
1074 1449 1246 1544 professus

121 1563 201 1658 sit),
217 1567 392 1662 magistra
410 1563 795 1635 omniamcretlentticm
799 1564 881 1658 fide
895 1564 1131 1660 consessorem.
1149 1583 1246 1638 tuum

120 1679 281 1750 celorum
301 1679 457 1749 clavibus
473 1678 692 1776 praefecisti,
718 1697 758 1750 at
782 1682 842 1752 cui
861 1679 913 1749 ad
927 1697 960 1751 te
976 1706 1046 1776 per
1073 1697 1106 1752 tc
1118 1681 1246 1776 ficerat

119 1818 302 1880 accessus,
312 1819 387 1890 per
405 1795 520 1890 ipsum
540 1799 675 1865 ceteris
692 1795 743 1865 ad
755 1821 899 1894 regnunt
918 1812 1017 1866 tuum
1029 1813 1173 1892 pateret
1189 1800 1246 1868 in·

120 1921 255 1980 troitus.
276 1915 322 1980 Et
339 1912 463 2006 pagina
473 1907 567 1982 333:
586 1915 814 2009 Omnipotens
829 1915 1042 2008 sempiterne
1058 1919 1168 2004 Deus,
1184 1916 1250 2011 qai

119 2023 300 2119 ineffabili
311 2042 535 2096 sacramento
542 2025 608 2122 jus
621 2027 807 2123 apostolici
813 2028 1037 2123 principatus
1054 2029 1091 2096 in
1105 2030 1249 2098 romani

118 2142 269 2209 nominis
281 2164 364 2210 arce
374 2143 551 2237 posuisti,
564 2140 656 2210 unde
673 2167 712 2211 se
729 2140 932 2238 evangelica
944 2141 1081 2210 veritas
1091 2166 1160 2235 per
1172 2156 1246 2211 tota

117 2253 242 2324 mandi
251 2279 360 2352 regna
374 2253 604 2350 dffsundcrct.
621 2259 666 2324 Et
679 2255 836 2325 columna
848 2253 917 2350 337
933 2280 941 2323 :
956 2253 1138 2351 Quidquid
1144 2252 1247 2325 sedes

116 2370 176 2440 illa
190 2371 387 2457 censuerit,
405 2395 513 2462 qaam
532 2387 649 2441 tenere
671 2370 819 2441 voluisti
836 2372 942 2439 totius
959 2368 1130 2440 Ecclesiae
1138 2372 1247 2466 prin-

115 2487 283 2581 cipatum.
311 2489 355 2554 Et
375 2484 535 2555 columna
559 2483 625 2570 341
651 2511 658 2555 :
685 2487 815 2577 Quint
837 2483 934 2555 lianc
953 2483 1071 2554 sedem
1091 2467 1246 2584 regimen

115 2605 221 2673 totius
234 2601 403 2672 Ecclesiae
423 2602 591 2705 efficeres,
614 2619 649 2672 et
668 2603 765 2699 quod
775 2602 851 2673 lraec
860 2601 1111 2698 predicasset,
1129 2621 1245 2674 osten-

112 2717 213 2788 deres
240 2717 369 2814 ullane
382 2717 610 2803 serrandum,
630 2717 741 2788 simul
756 2722 793 2789 in
815 2744 859 2788 ca
878 2735 913 2789 et
931 2718 1134 2814 apostolicae
1144 2721 1247 2816 prin·

112 2835 226 2927 etitem
258 2829 463 2930 dignitatis,
493 2849 528 2903 ct
552 2834 759 2933 magistram
787 2835 945 2932 gentium
973 2832 1167 2904 collocasti.
1202 2839 1246 2904 Et

111 2946 275 3016 columna
289 2945 367 3033 ’344
388 2946 645 3044 :Apostolatas
668 2947 790 3018 ordine
804 2949 947 3044 primus
969 2947 1020 3039 (S.
1048 2946 1191 3033 Petrus)
1212 2964 1247 3017 ct

106 3063 281 3157 pra'nceps
289 3061 380 3149 fidei
389 3062 611 3154 confitendae.
630 3067 673 3132 Et
684 3062 840 3132 columna
856 3061 927 3146 340
946 3091 954 3132 :
970 3066 1120 3152 Domine
1131 3067 1241 3152 Detur,

104 3176 360 3276 patergloriae,
368 3178 460 3274 sons
476 3177 655 3264 bonoram,
667 3179 731 3276 qui
746 3178 828 3249 licet
844 3175 1045 3248 Ecclesiam
1062 3194 1159 3247 taam
1176 3193 1244 3249 toto

110 3307 288 3362 terraram
315 3292 398 3362 orbe
428 3291 605 3389 diffusam
627 3292 794 3394 largitate
819 3317 1002 3363 muneram
1028 3291 1144 3363 ditare
1173 3317 1244 3364 non

109 3404 277 3497 desinas,
296 3405 416 3476 sedem
439 3424 561 3479 tamen
581 3407 677 3478 beati
693 3405 849 3502 apostoli
865 3407 919 3475 tui
936 3407 1033 3475 Petri
1047 3421 1144 3476 tanto
1156 3429 1265 3507 pro-e

101 3528 260 3618 pensius
279 3525 439 3612 intueris,
450 3540 585 3620 quanto
595 3522 782 3592 sublimius
802 3546 880 3591 esse
902 3520 1073 3604 voluisti,
1091 3521 1138 3590 da
1155 3505 1248 3594 milri

98 3636 252 3728 famulo
264 3653 323 3708 tuo
340 3637 447 3734 liujus
455 3635 687 3734 providentiae
702 3653 769 3707 tuae
783 3634 1069 3732 disnositionibus
1081 3636 1247 3709 exhibere

108 3767 345 3850 congruenter
358 3753 537 3845 officium
554 3767 669 3823 certus
683 3768 717 3822 tc
735 3753 906 3822 universis
924 3750 1080 3821 ecclesiis
1096 3753 1245 3824 collatu·

108 3891 208 3955 rum,
240 3866 416 3966 quidquid
447 3867 504 3938 illi
513 3871 724 3963 prestiteris
750 3893 858 3967 qaam
886 3883 1022 3938 cunctae
1044 3870 1244 3963 respiciant.

107 3980 285 4051 Columna
303 3983 394 4079 390,
413 3999 548 4052 sanctus
568 3984 681 4053 Sixtus
695 4008 782 4077 papa
805 3997 945 4052 vocatur
959 3985 1167 4078 precipuus
1184 4011 1245 4054 sa·

106 4096 264 4168 cerdon

159 4214 248 4280 Item
262 4212 397 4282 missale
411 4213 605 4311 gothicum,
624 4217 747 4309 pagina
770 4209 858 4301 315,
881 4213 923 4281 dc
942 4211 1061 4282 codem
1081 4211 1244 4282 Pontifice

106 4339 232 4394 sancto
256 4327 352 4396 Sixto
378 4329 425 4397 sic
445 4329 572 4398 habet:
600 4332 671 4420 Qui
693 4327 777 4400 datm
803 4327 1006 4424 apostolicae
1025 4323 1121 4397 sedis
1139 4349 1244 4393 eccc-

99 4438 225 4528 pisset
245 4443 478 4541 insigniam
502 4469 541 4514 se
559 4445 720 4542 primum
750 4469 828 4516 esse
848 4445 1061 4538 conspiceret
1083 4437 1246 4512 sacerdo·
