2940 5072
244 335 315 418 ond
664 377 668 385 ·
702 346 905 396 rntcrsrus

244 482 419 557 «trahunt
436 477 489 548 vel
511 476 658 559 'addunt
689 476 837 570 graviter
859 473 909 544 vei
939 473 1068 562 ieviter,
1080 469 1083 476 ’
1097 499 1159 571 pro
1179 479 1373 572 quontitate

244 596 427 668 «materies
462 593 583 666 addito
608 590 661 662 ve'l
693 592 865 679 detinctae3
879 591 925 662 ito
944 591 1099 662 doctores
1121 617 1280 666 omncs...
1295 599 1374 666 Into

247 745 265 781 s
284 714 378 784 citati
397 707 628 803 Castropulao‚
649 705 812 778 Fillucius
825 721 859 777 et
874 704 1096 793 nitendum
1109 731 1179 778 csse
1194 725 1373 804 peccatum

246 827 435 913 «mortale,
454 828 481 896 si
501 823 552 896 vei
572 824 711 894 minima
733 848 810 917 pars
835 821 973 892 additur
992 822 1043 892 vel
1076 823 1270 894 detrahitur
1297 828 1373 895 ani·

244 974 265 1010 n
283 969 353 1032 mo,
367 940 451 1012 utin
468 954 666 1036 perpetuum
682 938 800 1027 duret3
814 939 893 1032 quio
910 936 1151 1032 licetrespectu
1172 939 1277 1008 divini
1291 941 1375 1011 otti-

246 1089 266 1122 ι
283 1060 327 1130 cii
353 1056 410 1128 itta
438 1079 514 1152 pore
535 1053 664 1127 censeri
700 1054 804 1148 possit
825 1052 971 1144 modica,
998 1077 1066 1122 non
1094 1067 1143 1123 est
1166 1068 1279 1124 temen
1299 1053 1375 1127 iere

248 1205 266 1240 n
285 1173 344 1244 sed
366 1196 480 1268 grove,
507 1169 598 1240 illum
631 1169 804 1238 minimam
826 1185 956 1262 partem
989 1169 1067 1237 ritui
1096 1167 1252 1240 Ecclesiae
1276 1175 1376 1264 quusi

248 1320 265 1356 n
286 1304 447 1385 perpetuo
467 1286 606 1374 addere3
623 1300 694 1355 tum
718 1285 762 1354 ob
781 1302 977 1378 usurpatam
999 1284 1268 1378 jurisdictionem
1282 1287 1320 1356 io
1339 1313 1375 1357 re

248 1433 266 1468 «
284 1405 397 1500 gravis
424 1402 596 1488 momenti,
629 1414 700 1470 tuin
729 1398 778 1468 ob¹
800 1398 1089 1468 introductionem
1120 1399 1199 1470 novi
1228 1402 1314 1470 ritus
1342 1418 1376 1472 et

249 1551 266 1585 e
285 1518 407 1590 cuitus.
421 1517 524 1606 Quod
546 1530 664 1584 notent
683 1515 745 1584 sibi
761 1513 819 1601 ilii,
832 1515 902 1584 siue
915 1513 1124 1584 saecularium
1141 1513 1372 1602 ecclesiarum,

249 1667 267 1702 n
290 1637 360 1708 sive
383 1633 586 1729 regularium
607 1633 808 1727 superiores,
824 1634 884 1727 qui
910 1633 1046 1728 prtecise
1067 1657 1129 1726 pro
1147 1635 1378 1728 impertinen-

250 1781 268 1818 α
283 1752 375 1822 tibus
390 1765 424 1820 et
447 1748 634 1818 indiscretis
651 1745 899 1817 devotiunculis
913 1751 996 1835 suis,
1011 1748 1138 1817 nudent
1155 1751 1375 1836 constituere,

249 1897 266 1933 α
287 1879 326 1937 ut
339 1879 438 1934 certo
454 1865 791 1934 commemorationes
812 1876 1004 1932 sanctorum
1028 1865 1198 1933 consuetis
1219 1867 1375 1936 Ecclesiae

250 1986 448 2052 «Romane
474 1993 535 2050 aut
551 1975 731 2048 dioeceseos
760 1977 932 2071 suffragiis
963 1979 1001 2047 in
1036 1978 1141 2048 choro
1170 1980 1376 2068 inserantur,

251 2127 268 2164 α
288 2113 386 2168 certae
407 2095 601 2190 antiphonae
615 2107 695 2164 erite
713 2092 814 2162 horas
827 2107 1005 2178 cenentur,
1030 2108 1089 2162 out
1113 2109 1150 2163 ut
1165 2096 1208 2164 ab
1223 2111 1375 2167 anteces-

201 2233 202 2238 ’
250 2213 419 2284 osoribus
441 2211 524 2307 peri,
546 2223 791 2304 consequenter
809 2208 917 2300 nulia,
937 2209 1137 2280 auctoritate
1159 2211 1374 2302 introducto,

253 2359 270 2396 α
292 2329 546 2400 continuentur.
560 2356 577 2392 n
590 2323 721 2422 (Theoi.
731 2324 1056 2411 canonico-moralis,
1066 2350 1142 2420 pars
1157 2353 1191 2413 n,
1204 2345 1328 2422 punct.
1342 2357 1374 2418 n,

249 2465 293 2514 n.·
309 2469 322 2515 1
343 2447 422 2532 etd,
442 2457 525 2511 tom.
539 2444 567 2527 1,
579 2465 657 2536 pag.
681 2441 766 2526 443,
788 2439 867 2510 edit.
884 2445 1046 2536 Augustae
1062 2437 1198 2513 Vindei.
1223 2447 1343 2542 1707.)

239 2615 245 2626 ,
299 2562 393 2631 xlv.
421 2557 593 2627 Doctrina
614 2553 842 2626 Bordenaue:

306 2701 323 2737 n
347 2675 396 2743 Le
412 2671 580 2742 breviuire
596 2684 690 2740 etant
712 2671 896 2765 paracheve
913 2672 1278 2769 etnccompli'suivnnt
1292 2676 1377 2747 leurs

251 2815 272 2854 n
289 2787 432 2857 sainctes
463 2784 736 2870 institutions‚iis
755 2784 840 2855 l'ont
871 2789 1042 2881 approuve'
1072 2787 1210 2885 (nempe
1239 2795 1376 2862 Romani

251 2934 275 2971 o
293 2901 529 2996 Pontifices)...
563 2903 607 2968 Et
639 2899 658 2968 t
688 2925 726 2969 ce
757 2926 824 2995 qne
852 2900 1050 2972 l'exdcution
1076 2904 1118 2973 dc
1136 2918 1223 2974 cette
1244 2906 1330 2977 belle
1348 2923 1378 2976 et

252 3049 272 3084 n
288 3019 415 3088 saincte
435 3016 621 3110 entreprise
640 3013 813 3104 reussissc,
827 3033 940 3112 etque
958 3043 996 3088 ce
1012 3018 1107 3087 divin
1130 3043 1249 3091 oeuvre
1264 3026 1376 3093 vienne

168 3120 171 3126 ¹
252 3135 310 3203 nd
336 3157 398 3202 son
425 3133 519 3219 effer,
537 3130 577 3200 its
594 3145 655 3199 ont
675 3131 718 3200 de
742 3130 815 3202 leur
843 3134 992 3202 autorite
1019 3135 1233 3230 apostoiique
1258 3139 1330 3209 oste
1348 3153 1377 3208 et

253 3279 273 3318 o
290 3247 390 3343 eboly
409 3261 486 3317 tous
502 3261 534 3316 et
549 3248 697 3317 chacuns
725 3248 770 3318 ies
794 3247 973 3319 brevieires
999 3250 1076 3320 faits
1096 3275 1158 3345 par
1173 3251 1220 3322 ies
1241 3256 1375 3350 dvequcs

253 3395 273 3433 n
291 3391 333 3436 en
359 3363 449 3434 leurs
469 3363 631 3452 dioceses,
654 3387 736 3434 avec
757 3363 880 3458 l’usoge
898 3364 1038 3435 deceux
1057 3369 1165 3461 quise
1184 3372 1376 3464 ponrrnient

255 3511 273 3548 n
291 3496 481 3551 trouvcren
500 3492 610 3548 tontes
622 3478 670 3548 les
684 3478 800 3574 egliscs
814 3479 856 3548 do
873 3479 1055 3553 l'nnivers:
1077 3507 1153 3554 suns
1165 3509 1208 3554 en
1227 3502 1376 3582 exceptor
1461 3491 1462 3537 ἒ

252 3626 275 3664 n
296 3621 362 3692 que
391 3593 522 3664 ceux-ld
544 3594 603 3688 qni
631 3595 785 3664 euraient
814 3599 1016 3666 nccoutumc‘
1040 3596 1157 3668 d’user
1175 3599 1218 3670 de
1241 3605 1376 3672 certnins

161 3713 169 3732 ‘
254 3739 274 3776 a
293 3709 472 3782 brevinires
501 3710 691 3806 approuves
715 3709 834 3804 depuis
851 3710 927 3780 leur
945 3711 1111 3805 premiere
1129 3715 1320 3788 institution
1335 3718 1376 3787 dn

255 3855 275 3892 n
294 3827 384 3896 seint
401 3821 511 3920 Sidge,
536 3839 636 3918 ayant
653 3825 743 3894 deux
762 3839 856 3895 cents
876 3851 937 3895 ans
964 3853 973 3895 ε
999 3827 1161 3922 nuanels
1183 3833 1376 3903 neanmnins

258 3940 336 4008 «ils
364 3938 561 4008 conseilient
583 3939 625 4007 de
648 3939 793 4032 prendre
818 3954 853 4010 et
876 3942 999 4010 re'citcr
1023 3941 1145 4012 l'ossice
1168 3950 1298 4016 romain
1322 3973 1377 4043 par

253 4081 275 4121 n
293 4053 325 4123 le
342 4069 595 4124 consentcment
622 4055 663 4124 de
685 4054 851 4150 l’euesque
875 4071 909 4126 et
925 4058 1088 4152 chapitre.
1114 4087 1131 4124 n
1153 4059 1305 4156 (L’estat
1321 4062 1378 4133 des
1460 4043 1461 4050 ἵ

257 4167 481 4241 cathedrales
488 4199 503 4256 ;
527 4193 589 4263 por
608 4170 816 4258 Bordennve,
845 4173 1012 4242 cirnnoine
1042 4173 1084 4242 de
1111 4179 1241 4266 Lescor,
1277 4178 1377 4276 grand

260 4286 383 4356 nicaise
400 4299 433 4354 et
453 4281 577 4354 officiat
595 4285 847 4382 metropolitam
862 4287 1008 4378 nuncto
1031 4315 1115 4387 pege
1144 4291 1225 4384 166,
1243 4293 1322 4365 e'dit.
1337 4294 1377 4366 de

260 4402 354 4471 Paris
374 4397 497 4498 1643.)
