2982 5072
221 351 270 448 78
677 365 889 415 missuros

220 529 240 568 α
259 503 429 588 futuram,
456 519 558 592 qoam
592 498 682 567 beati
716 495 843 566 Gelasii
875 493 1078 564 confessoris
1106 496 1156 566 tui
1186 497 1357 590 poscimus

219 649 239 684 u
258 620 451 688 interventu
466 615 564 684 nobis
577 627 614 682 et
631 612 845 682 confessione
862 611 1023 706 praestari.
1041 640 1059 677 a

221 779 224 786 ·
269 737 354 801 item
378 732 413 798 in
432 727 520 798 libro
536 726 866 822 gothico-hispanico
889 747 992 820 quem
1011 724 1117 793 edidit
1134 722 1356 810 blanchinus,
1404 789 1407 796 .

222 848 344 943 pagina
360 844 407 941 39
428 870 436 914 ε
455 874 473 910 α
495 843 644 914 Adsistat
656 867 739 937 ergo
763 866 866 929 nune,
881 841 1098 934 omnipotens
1112 843 1221 929 Pater,
1241 856 1355 912 tantus

224 976 404 1054 «martyr,
421 973 455 1027 et
476 957 587 1028 faveat
603 954 814 1025 credentium
830 953 931 1041 votis,
948 968 985 1022 ut
995 979 1036 1022 ea
1052 977 1127 1048 quae
1140 955 1203 1023 sihi
1217 969 1357 1048 propter

221 1093 293 1147 «te
311 1076 461 1171 impendi
490 1074 676 1170 cognoscit,
707 1069 952 1142 famulantibus
984 1071 1047 1139 tibi
1079 1095 1119 1140 ex
1153 1086 1185 1140 te
1215 1073 1355 1142 uberius

226 1223 243 1256 u
263 1205 507 1285 recompenset.
527 1219 544 1255 n

273 1306 464 1400 Propositio
490 1308 559 1389 14².
582 1339 631 1358 ·-
647 1297 816 1372 conon·
828 1302 1026 1396 genemtim
1037 1311 1160 1395 potest
1172 1299 1354 1399 tuurgmm

222 1446 303 1492 osse
319 1423 412 1490 inter
427 1417 639 1515 theologzoos
654 1415 774 1500 locos,
797 1429 833 1482 et
853 1413 995 1510 quidem
1014 1411 1210 1484 ditissimos
1233 1437 1356 1485 nume-

223 1533 554 1608 rendam-Nobis
580 1533 616 1600 iu
632 1531 812 1624 proposito
835 1551 905 1598 nou
930 1527 999 1628 luit
1027 1543 1353 1624 totampereurrere

224 1652 422 1747 dogmatum
442 1641 688 1716 catholicorum
703 1643 843 1730 seriem,
857 1658 896 1711 et
918 1644 1034 1712 omnia
1049 1667 1234 1736 congerere
1252 1644 1354 1714 litur-

227 1768 289 1861 gias
303 1763 497 1833 testimonia
513 1783 590 1855 que
617 1761 652 1829 in
677 1760 914 1854 probationem
937 1759 1202 1853 uuiuscujusque
1230 1760 1354 1830 adduci

225 1895 381 1976 possunt.
402 1881 561 1972 Coeptum
578 1876 799 1970 hujusmodi,
819 1890 1043 1969 preterquam
1065 1877 1160 1970 quod
1180 1877 1265 1946 vires
1288 1903 1353 1947 no·

224 2011 311 2065 stras
325 2008 479 2089 superat,
497 1991 672 2087 prefixum
687 1990 863 2084 presentis
876 2003 1043 2060 tractatus
1055 2015 1196 2085 scopum
1209 1993 1355 2062 nimium

226 2112 425 2208 praeteriret.
453 2109 588 2177 cirrum
615 2120 748 2175 tantum
774 2119 809 2174 et
839 2104 1050 2199 rapidissimo
1072 2105 1219 2199 quodam
1245 2109 1354 2203 speci·

225 2228 317 2294 mine
332 2225 503 2295 voluimus
522 2221 704 2316 theolegio
720 2221 967 2315 professoribus
982 2219 1188 2315 indigitare,
1210 2237 1294 2316 quot
1319 2237 1354 2292 et

226 2356 374 2435 quantos
396 2340 640 2436 probationum
660 2335 836 2404 thesauros
850 2334 915 2403 sub
939 2319 1170 2404 ¹monumentis
1188 2334 1354 2431 liturgicis

225 2453 421 2525 reconditos
442 2452 600 2520 habeant.
616 2453 760 2517 Fontem
788 2448 980 2517 indicamus
998 2473 1008 2518 t
1026 2472 1131 2543 aquas
1150 2474 1189 2518 ex
1210 2475 1251 2519 eo
1270 2452 1354 2521 huu-

226 2567 510 2638 riendasoaeteris
534 2564 773 2658 relinquimus.
805 2567 917 2632 Pauca
935 2578 1049 2633 autem
1078 2589 1153 2658 quae
1178 2564 1353 2637 attulimus

226 2682 379 2778 exempla
397 2683 535 2751 abunde
567 2678 716 2775 probare
738 2679 910 2768 videntur,
932 2678 1105 2784 liturgiam
1128 2705 1198 2750 non
1219 2696 1353 2752 tantum

227 2799 339 2869 locum
354 2797 581 2893 theologicum
597 2797 723 2864 ‘merito
739 2796 929 2889 nuncupari
941 2846 951 2884 ,
965 2795 1023 2864 sed
1038 2809 1072 2864 et
1083 2796 1248 2867 ditissima
1261 2799 1354 2866 exhi·

226 2917 310 2983 bere
332 2913 574 3009 probationmu
605 2911 844 2979 instrumenta.
872 2914 945 2978 lmo
966 2909 1046 2978 dum
1067 2925 1203 2982 ceteros
1222 2911 1354 3007 aliquo·

228 3031 291 3099 ties
306 3027 399 3096 locos
419 3026 626 3121 theologicos
646 3024 771 3094 frustra
790 3025 867 3118 quis
889 3024 1017 3116 odibit,
1040 3025 1220 3118 aridosque
1239 3025 1354 3096 multis
1438 3035 1441 3042 '

227 3145 263 3212 in
279 3143 521 3236 quaestionibus
534 3142 701 3233 reperiet,
721 3139 903 3208 mirabitur
921 3163 1021 3234 worn
1042 3141 1299 3210 refertissimum
1312 3142 1354 3211 de

225 3257 343 3327 eedem
360 3281 399 3324 re
414 3255 685 3349 promptuarium
703 3253 840 3348 liturgia
865 3255 927 3347 ipsi
946 3255 1113 3326 exhibeat.
1132 3257 1350 3340 Doctrinam,

227 3372 321 3442 verbi
346 3372 474 3466 gratia,
496 3370 537 3438 de
555 3367 724 3463 corporali
743 3369 779 3436 iu
797 3365 921 3436 ooelum
943 3369 1102 3463 Deipuroe
1126 3372 1354 3465 assumptione

227 3488 255 3556 si
273 3485 484 3580 probandam
514 3484 739 3579 aggredieris,
767 3480 816 3552 nil
835 3503 881 3551 es
903 3505 998 3552 saera
1026 3484 1200 3578 Scriptura
1227 3487 1354 3579 poteris

225 3599 448 3686 oonuluderer
462 3593 698 3692 nequepa'lum
719 3596 780 3665 het
798 3621 853 3665 rus
870 3617 917 3665 ex
930 3599 1105 3687 Patribus,
1120 3614 1180 3668 aut
1198 3599 1354 3670 Ecclesiae

225 3712 494 3800 delinitionibus,
500 3726 568 3780 aut
582 3710 804 3780 consiliorum
817 3713 1107 3782 oeounmuicorum
1123 3713 1284 3803 decretis3
1298 3717 1354 3784 rix

224 3829 328 3898 *etium
347 3824 548 3894 moenianum
576 3824 755 3894 ostendere
776 3826 905 3918 poteris
930 3823 1110 3894 doctomm
1129 3826 1251 3896 sdsoloe
1273 3851 1354 3898 con·

227 3968 377 4013 sensum.
398 3945 441 4011 At
461 3941 616 4037 liturgias
630 3944 722 4037 aperi
739 3958 774 4013 et
788 3963 858 4013 non
875 3957 1008 4013 tuntum
1026 3945 1062 4011 in
1078 3945 1242 4016 hodierna
1251 3944 1353 4016 litur-

227 4058 283 4152 gie
301 4056 534 4142 sommepsed
550 4071 590 4126 et
607 4058 643 4126 in
659 4051 764 4128 reteri
777 4057 1042 4128 mrrunerrtario
1057 4057 1222 4153 gallicano
1233 4059 1352 4156 ¹(missu

223 4174 266 4241 siz
283 4171 532 4267 Assumpstbue
548 4175 693 4244 Sarute
712 4174 837 4244 Moriar
856 4171 1047 4242 Mobillonii
1065 4175 1235 4245 'Musaeum
1253 4175 1350 4264 ital,

226 4301 255 4358 t.
265 4291 302 4375 t,
322 4313 356 4382 p.
369 4285 473 4380 300),
489 4303 588 4358 omre
602 4289 939 4384 oertinserpnessum
958 4278 1107 4384 reperies
1126 4288 1351 4361 universalem

223 4400 381 4473 fidelium
405 4405 680 4499 persuasimus
706 4402 755 4474 ius
770 4397 897 4498 mium
921 4404 983 4474 tibi
1004 4402 1207 4475 limatensi
1221 4405 1350 4502 iuvius
