3004 5070
252 357 323 448 324
711 379 915 432 anserinus

250 512 442 612 Scriptura,
458 526 531 584 tum
545 509 588 582 de
600 510 723 582 sanctis
737 535 746 580 :
761 509 834 582 aliae
846 509 1052 606 antiphona,
1066 505 1132 580 alia
1144 507 1372 606 responsoria,

250 626 306 698 alii
328 628 462 724 hymni,
479 625 551 700 aliae
571 626 713 698 rubricae
735 641 770 697 et
787 626 1005 698 caeremoniae.
1030 629 1173 720 Insuper
1199 624 1241 694 de
1258 623 1373 696 calen-

249 739 344 812 dario
363 742 580 840 quamplures
603 741 767 838 expuncti
789 756 870 812 sunt
886 742 1012 829 sancti,
1033 755 1071 812 ut
1096 740 1173 810 nori
1197 741 1233 810 in
1251 765 1372 810 eorum

248 854 361 930 locum
380 857 628 930 sufficerentur.
645 863 731 930 Cum
755 857 869 954 itaque
892 883 978 928 nova
997 883 1093 953 paene
1111 858 1226 928 omnia
1247 854 1313 927 illis
1336 857 1372 926 in

246 971 414 1043 breviario
435 988 469 1044 et
490 970 615 1044 missali
634 988 838 1070 appareant,
858 971 899 1043 de
919 973 1024 1044 veteri
1045 974 1113 1044 ritu
1131 975 1286 1044 Romano
1305 975 1370 1044 Ce-

246 1089 443 1160 nomanensi
460 1089 517 1160 vix
536 1088 822 1184 inpraesentiarum
840 1088 998 1184 vigesima
1019 1112 1098 1184 pars
1121 1101 1224 1158 extat.
1247 1089 1283 1160 Si
1307 1088 1371 1158 ita·

244 1230 311 1300 que
326 1201 481 1276 locorum
501 1204 676 1276 Ordinarii
696 1203 932 1300 prohibentur,
946 1204 1046 1274 etiam
1066 1205 1101 1272 in
1125 1203 1164 1272 iis
1183 1203 1371 1293 breviariis,

246 1346 321 1415 quaa
343 1321 441 1416 juxta
473 1336 620 1392 mentem
647 1320 753 1391 sancti
788 1321 840 1390 Pii
866 1319 1040 1392 Pontificis
1068 1317 1211 1392 tolerata
1238 1334 1369 1390 tantum

243 1437 351 1528 luere,
368 1438 418 1508 uti
436 1438 615 1532 antiquum
633 1439 900 1523 Cenomanense‚
917 1433 1045 1530 aliquid
1063 1433 1199 1530 propria
1218 1438 1371 1506 auctori-

242 1569 312 1626 tate
329 1553 469 1644 addere,
491 1568 552 1624 aut
572 1553 700 1648 aliquid
719 1552 853 1624 demere
871 1552 935 1622 sub
954 1552 1181 1623 interminatis
1203 1553 1311 1647 poenis
1333 1554 1368 1624 in

241 1670 386 1744 decretis
406 1696 581 1742 sacrorum
604 1671 730 1740 rituum
750 1668 1033 1764 congregationis
1055 1669 1186 1738 dierum
1207 1669 1228 1740 8
1251 1661 1368 1764 aprilis

241 1801 276 1856 ct
301 1785 347 1857 28
376 1783 526 1857 octobris
559 1781 649 1856 1628
680 1783 721 1854 de
746 1809 818 1855 non
839 1783 1075 1856 satisfaciendo
1103 1785 1236 1856 muneri
1261 1786 1367 1856 divini

241 1899 346 1972 ollicii
360 1899 543 1988 recitandi,
560 1898 638 1969 inde
656 1898 745 1970 clare
764 1899 980 1972 concluditur
998 1915 1163 1996 quantum
1187 1927 1206 1970 a
1225 1899 1367 1996 praefini-

242 2017 285 2087 tis
317 2015 448 2113 legibus
477 2017 612 2088 aberret
642 2015 846 2088 breviarium
878 2014 1078 2111 missaleqne
1111 2001 1366 2088 Cenomanense

240 2130 368 2203 editum
384 2134 495 2203 medio
512 2132 635 2204 saeculo
649 2132 780 2204 decimo
793 2149 928 2224 octavo,
949 2133 1066 2228 inquo
1082 2149 1151 2205 tam
1168 2161 1284 2230 graves
1302 2137 1366 2204 im·

239 2249 444 2320 mutationes
469 2249 682 2338 factasunt,
706 2264 744 2320 ut
767 2254 959 2322 aRomano
982 2275 1080 2348 reque
1098 2275 1138 2322 ac
1156 2251 1198 2320 ab
1223 2253 1364 2347 antiquo

233 2365 484 2436 Cenomanensi
502 2367 537 2436 in
551 2365 708 2436 omnibus
718 2365 786 2436 lere
801 2365 947 2436 recedat.
963 2367 1048 2456 Quae
1059 2366 1190 2462 singula
1203 2367 1291 2438 inter
1304 2393 1365 2439 cae·

237 2495 326 2552 teros
343 2486 386 2554 R.
402 2485 434 2554 J.
458 2485 495 2552 F.
517 2482 654 2568 Lottin,
673 2482 855 2554 canonicus
879 2481 1080 2552 cathedralis
1101 2487 1364 2555 Cenomanensis

235 2595 415 2696 ecclesiae,
429 2595 546 2667 sedulo
567 2623 853 2680 commemorans,
878 2623 1007 2670 sacram
1024 2598 1112 2668 hanc
1129 2601 1257 2668 rituum
1276 2578 1364 2670 Con-

239 2713 468 2806 gregationem
503 2710 701 2781 humillimis
727 2713 885 2810 precibus
915 2713 1007 2783 adire
1043 2715 1237 2804 constituit,
1267 2716 1364 2810 eique

236 2826 409 2922 sequentia
435 2825 538 2897 dubia
564 2851 774 2922 proponere,
794 2854 857 2925 pro
879 2843 1073 2926 opportuna
1095 2827 1282 2920 solutione,
1311 2831 1364 2900 ni-

236 2969 385 3014 muum:

290 3059 325 3132 1⁰
355 3063 480 3131 Utrum
515 3059 605 3130 licita
634 3057 852 3130 fueritannis
884 3061 975 3159 1748
1003 3076 1036 3132 et
1070 3065 1162 3160 1749
1186 3063 1360 3138 innovatio

233 3172 390 3244 breviarii
411 3173 616 3271 missalisque
635 3179 941 3248 Cenomanensium
960 3205 979 3248 a
999 3179 1067 3249 ritu
1083 3183 1239 3252 Romano
1259 3208 1369 3277 pror-⁴

233 3312 290 3356 sus
304 3285 504 3374 alienorum,
519 3291 638 3360 amotis
657 3291 752 3384 prins
769 3290 937 3362 veteribus
951 3290 993 3361 ad
1011 3290 1152 3362 formam
1168 3298 1358 3364 Romanam

233 3404 393 3472 correctis
412 3402 582 3474 breviario
602 3417 636 3472 et
654 3399 799 3490 missali,
822 3401 891 3472 sola
911 3405 1069 3500 Episcopi
1084 3422 1118 3476 et
1140 3406 1279 3500 capituli
1300 3433 1357 3478 ec-

231 3516 341 3588 clesiae
369 3518 634 3590 Cenomanensis
651 3519 868 3608 anctoritate,
895 3534 929 3589 et
955 3519 1144 3592 inconsulta
1164 3521 1240 3591 sede
1264 3526 1360 3618 Apo·

234 3631 376 3720 stolica,
394 3635 480 3704 facta
495 3652 554 3706 aut
571 3633 736 3730 probata?

283 3751 322 3820 2⁰
340 3750 517 3840 Quatenus
530 3749 705 3845 negative,
724 3763 839 3820 utrum
859 3747 1184 3846 saltem‘hnjusmodi
1198 3750 1358 3850 liturgia,

236 3868 267 3934 vi
295 3867 582 3962 praescriptionis,
612 3891 670 3936 seu
707 3867 961 3937 consuetudinis
984 3867 1170 3958 secularis,
1195 3869 1282 3939 lacta
1313 3873 1360 3940 sit

229 3979 399 4076 legitima,
418 3983 464 4052 ita
480 3998 517 4052 ut
534 3981 636 4054 hodie
650 3981 793 4080 quilibet
804 3983 957 4054 sacerdos
972 3988 1233 4056 Cenomanensis
1248 3989 1358 4082 possit

228 4121 300 4166 eam
322 4111 393 4166 tuta
412 4099 615 4170 conscientia
634 4101 792 4171 servare?

280 4209 321 4282 3⁰
343 4214 523 4304 Quatenus
546 4215 669 4284 iterum
687 4217 862 4312 negative,
882 4242 925 4286 an
945 4214 1089 4312 quilibet
1109 4217 1264 4286 sacerdos
1286 4221 1354 4287 Ce-

229 4328 465 4417 nomanensis,
487 4327 586 4397 etiam
605 4333 789 4399 canonicus
803 4346 837 4400 et
855 4331 1037 4426 parochus,
1059 4331 1171 4402 statim
1195 4348 1354 4404 teneatur

226 4442 260 4512 in
282 4443 499 4544 couscientia,
520 4458 591 4514 tum
614 4461 650 4514 et
664 4445 765 4514 horas
780 4445 959 4517 canonicas
977 4444 1186 4540 persolvere,
1199 4448 1351 4520 missam·
