3018 5070
506 352 551 398 on
574 351 668 398 suus·
687 353 894 404 mrunerco.
1015 425 1017 432 ¹
1188 333 1190 338 Ι
1216 348 1264 441 47

133 478 367 575 conceptionis
397 479 641 552 certitudinem·
673 484 837 569 evenerit,
860 485 1025 580 tantisper
1042 489 1263 583 inquiramus.

183 601 249 666 111.
274 595 355 664 Pius
380 611 503 688 nunpe
531 599 582 664 lx
612 594 726 690 (quem
739 597 799 666 diu
829 601 1032 672 nobisDeus
1060 605 1265 677 incolumem

136 709 262 806 servet)
282 733 411 779 novum
429 712 596 816 concessit
620 707 789 800 officium,
809 713 887 807 squo
913 716 1039 812 absque
1064 719 1133 789 ulla
1156 723 1265 794 ambi·

136 827 280 921 gnitate,
294 821 511 893 immaculata
527 825 562 892 in
580 825 692 918 primo
707 827 808 896 etiam
824 830 1008 900 existentiae
1028 857 1095 902 suae
1112 836 1264 928 instanti,

136 942 332 1012 Beatissimo
351 941 459 1034 Virgo
487 939 701 1030 declaratur3
733 957 772 1012 ut
797 959 930 1014 constat
959 973 999 1014 ex
1025 951 1135 1042 prima
1157 951 1264 1020 missae

135 1058 304 1142 oratione,
324 1057 360 1123 in
377 1079 444 1148 qua
460 1056 508 1124 sio
525 1055 707 1126 asseritur:
730 1083 812 1126 eam
832 1057 879 1128 ab
895 1064 994 1130 omni
1015 1063 1094 1132 labe
1109 1090 1266 1159 praeser-

136 1174 238 1241 vasu'.
259 1169 365 1260 Quod
385 1185 420 1240 et
441 1169 505 1240 alia
527 1171 682 1263 ejusdem
704 1171 809 1240 oflicii
827 1171 901 1243 loca
919 1176 1000 1244 satis
1019 1192 1136 1269 aperte
1157 1203 1266 1248 enun-

137 1287 223 1356 tiant
241 1311 249 1354 ε
267 1285 360 1354 verbi
379 1287 502 1378 gratia,
526 1309 597 1356 non
613 1309 681 1380 pru
703 1301 748 1370 te,
766 1285 832 1356 sed
844 1312 911 1382 pro
933 1287 1097 1360 omatibus
1117 1289 1193 1362 haec
1207 1292 1266 1362 lex

138 1403 331 1472 constitute
356 1415 420 1470 est.
441 1403 523 1470 Non
550 1398 723 1499 gaudebit
748 1402 913 1472 inimicus
944 1427 1043 1474 meus
1070 1429 1178 1502 super
1196 1433 1264 1478 me.

140 1515 244 1584 Nihil
260 1516 488 1611 inquinatum
497 1516 536 1583 t'n
548 1539 627 1583 eam
651 1516 810 1601 incurrit,
822 1532 887 1585 etc.
905 1515 1051 1588 Aliunde
1068 1520 1147 1589 Pius
1161 1525 1211 1592 IX
1230 1522 1265 1590 in

139 1655 176 1698 ea
196 1629 277 1698 novi
290 1629 394 1698 oflicii
413 1630 640 1716 concessione,
659 1627 751 1698 nulla
766 1628 991 1702 declaratione
1019 1621 1174 1702 ecclesias
1192 1661 1268 1704 mo·

103 1811 107 1819 .
139 1747 215 1814 nuit
234 1744 395 1839 praedicta
413 1744 517 1814 verba
536 1769 605 1813 nou
625 1743 765 1813 concedi
785 1760 954 1838 quatenus
981 1747 1014 1814 in
1040 1773 1102 1816 suo
1118 1751 1266 1842 genuino

24 1901 33 1930 t
140 1883 240 1930 sensu
257 1856 441 1927 intellecta.
464 1863 555 1951 Ergo
571 1857 642 1950 jam
662 1857 897 1927 universaliter
922 1861 957 1928 in
981 1860 1127 1930 Ecclesia
1147 1865 1266 1932 catho-

139 1973 201 2046 lica
213 1969 344 2042 exsistit
362 1970 497 2067 publica
520 1986 554 2040 et
572 1971 662 2040 clara
674 1995 736 2064 per
755 1971 926 2067 liturgiam
945 1977 1115 2068 expressio
1133 1992 1167 2046 et
1185 2003 1266 2072 pro·

138 2089 238 2158 fessio
259 2087 303 2156 cle
330 2086 543 2156 immaculata
562 2087 715 2180 Virginis
737 2089 970 2181 conceptione.
995 2093 1087 2184 Ergo
1106 2105 1174 2160 tam
1193 2117 1267 2161 cer·

139 2218 212 2272 tum
228 2203 298 2295 jam
314 2203 419 2270 evasit
431 2201 497 2270 hoc
516 2201 673 2293 Deiparae
691 2200 921 2294 privilegium,
940 2225 1043 2294 quam
1063 2203 1213 2294 ejusdem
1231 2206 1266 2274 in

138 2316 308 2386 nascendo
325 2316 483 2385 sanctitas
494 2329 527 2383 et
542 2314 727 2408 assumptio
742 2315 776 2381 in
787 2337 940 2408 corpore.
955 2319 1046 2409 Ergo
1059 2317 1158 2403 sicut,
1169 2319 1268 2412 juxta

138 2455 355 2502 communem
379 2431 558 2500 doctorum
579 2431 795 2519 sententiam,
821 2430 1037 2498 temerarium
1059 2431 1149 2501 foret
1172 2459 1267 2504 sanc-

138 2561 208 2615 tam
227 2547 441 2616 nativitatem
461 2559 520 2614 aut
540 2569 739 2638 corpoream
768 2546 1032 2638 assumptionem
1061 2573 1200 2643 negare,
1221 2551 1269 2620 ita

138 2661 240 2730 hodie
255 2659 437 2730 dicendum
457 2658 572 2754 quoad
590 2657 840 2728 immaculatam
856 2661 1124 2754 conceptionem.

186 2775 296 2868 Cujus
323 2773 491 2870 privilegii
509 2774 633 2843 veritas
650 2774 768 2844 exalia
787 2775 888 2842 etiam
908 2776 1017 2869 capite
1030 2791 1123 2846 certa
1141 2780 1267 2868 evasit;

140 2916 182 2960 ex
200 2915 301 2960 sensu
323 2915 458 2985 nempe,
480 2888 663 2958 universali
677 2890 747 2985 jam
770 2904 803 2957 ot
828 2890 1018 2979 manifesto,
1030 2894 1133 2962 totius
1152 2893 1269 2964 Eccle-

138 3007 195 3075 siae
213 3003 398 3075 catholicae.
419 3005 578 3099 Exceptis
608 3005 700 3072 enirn
728 3004 949 3097 paucissimis,
973 3003 1044 3095 jam
1071 3020 1111 3073 ut
1141 3021 1267 3076 certam

137 3135 258 3190 tenent
276 3125 313 3188 Β.
329 3120 515 3215 Virginisa
536 3117 611 3187 labe
638 3115 794 3210 originali
824 3117 1120 3210 proeservationem
1149 3144 1267 3190 omnes

138 3235 274 3324 fideles,
301 3259 417 3304 omnes
444 3233 620 3321 doctores,
657 3257 774 3300 omnes
807 3233 1052 3324 universitates,
1084 3260 1269 3329 omnesque

139 3350 357 3421 ecelesiarum
387 3363 557 3443 pastores;
575 3345 669 3440 quod
690 3371 730 3415 ex
750 3346 942 3414 recentibus
963 3345 1005 3414 ad
1024 3349 1122 3416 Pium
1142 3353 1192 3418 IX
1211 3373 1270 3417 re-

139 3462 326 3535 lationibus
347 3464 461 3532 omnio
474 3460 585 3556 palam
606 3460 732 3530 factum
754 3471 817 3526 est.

135 3607 139 3614 ·
188 3584 299 3650 Porro
316 3594 387 3647 tam
409 3577 543 3666 vivida,
558 3592 625 3646 tam
642 3574 709 3645 alte
729 3573 901 3662 imbibita,
917 3587 1054 3668 tamque
1072 3574 1271 3646 universalis

141 3695 318 3789 persuasio
338 3716 480 3762 erronea
499 3715 572 3760 esse
593 3691 723 3785 nequit.
745 3688 1020 3759 Persuasionibus
1038 3690 1129 3758 enim
1149 3690 1268 3784 hujus·
1290 3669 1293 3676 ’

141 3807 237 3878 modi
251 3809 425 3895 omnium,
442 3806 565 3901 quibus
581 3804 730 3876 Ecclesia
743 3819 887 3893 constat,
902 3803 1071 3893 fidelium,
1089 3829 1159 3874 non
1173 3831 1270 3898 posse

141 3947 293 3993 errorem
314 3923 470 4011 subesse,
494 3936 547 3992 est
568 3921 724 3991 doctrina
743 3921 968 3990 communiter
986 3935 1143 4014 recepta3
1169 3945 1272 4015 quam

141 4038 233 4106 inter
249 4037 331 4106 alios
350 4061 391 4107 ex
410 4038 559 4131 professo
574 4035 678 4106 tradit
692 4035 862 4105 Melclrior
875 4039 989 4106 Canus
1005 4060 1013 4103 r
1029 4039 1131 4108 «Non
1145 4036 1269 4124 solum,

141 4181 159 4216 u
172 4153 298 4246 inquit,
318 4152 466 4223 Ecclesia
481 4152 691 4240 universalis,
708 4153 742 4221 id
760 4165 823 4241 est,
843 4149 996 4220 collectio
1015 4151 1168 4219 omnium
1188 4149 1271 4220 fide·

141 4295 158 4331 a
174 4265 283 4357 lium,
314 4269 406 4339 hunc
432 4270 584 4341 veritatis
612 4269 769 4364 spiritum
797 4267 1039 4362 sempiternum
1070 4265 1189 4354 habet,
1215 4265 1272 4333 scd

141 4383 330 4456 «eumdem
361 4386 490 4456 habent
521 4386 621 4456 etiam
652 4384 808 4456 Ecclesiae
834 4383 1005 4480 principes
1034 4407 1074 4454 ac
1103 4393 1270 4475 pastores.
