3004 5070
238 312 311 411 ηδ
623 375 627 384 .
697 337 900 386 rnacrarns

236 461 345 532 beant
364 487 433 532 nan
449 461 604 560 ornplr'nr
619 465 657 534 'ria
676 485 742 535 run
762 461 1156 559 recompensantes.
1173 467 1364 560 Respondit

233 603 326 650 sacra
341 579 585 673 Congregatio:
599 579 927 676 Ser·returgenemle
938 578 1115 652 decretura
1124 579 1366 678 dr'er'nlinpri·

233 691 280 762 lir
302 692 392 780 1834
407 693 622 789 (Garrlellini¹
638 719 671 764 n.
686 695 752 779 aar
766 719 799 782 1,
817 710 840 766 t.
860 698 954 780 vlu,
971 720 1005 789 p.
1024 694 1123 791 393).

284 813 409 878 lterum
427 809 590 878 edioecesi
601 809 767 879 Brixiensi
784 811 955 904 proposita
973 825 1051 880 sunt
1064 809 1185 878 similia
1201 810 1364 898 dubiae!

234 922 288 1002 die
304 949 347 1019 27
362 923 523 993 februarii
541 923 631 1020 1847
648 923 691 994 ad
703 924 879 1018 praefatum
892 924 1062 994 decretum
1079 923 1234 1020 generale
1248 927 1364 996 remis·

233 1061 308 1110 sum
323 1051 373 1106 cst
385 1039 435 1132 (in
451 1038 646 1108 authentica
659 1037 874 1110 Gardelliana
890 1037 1104 1126 collectione,
1117 1064 1151 1108 n.
1168 1037 1292 1134 4913).

281 1157 328 1222 Ex
354 1152 508 1222 adductis
535 1178 637 1246 porro
663 1151 946 1224 declarationibus
975 1153 1022 1224 sic
1046 1155 1144 1248 argui
1173 1153 1271 1224 licet:
1290 1179 1360 1224 uon

233 1281 342 1360 potest
361 1263 607 1336 rationabiliter
624 1279 659 1336 et
681 1264 827 1359 legitime
850 1266 1004 1359 praesumi
1035 1269 1126 1361 Papa
1144 1267 1361 1339 ,consenssisc

232 1380 481 1466 consuetudini,
495 1380 627 1450 decreta
642 1383 676 1449 S.
687 1382 788 1469 priv,
804 1379 985 1450 Clementis
997 1384 1025 1451 V
1030 1385 1078 1450 Ill
1094 1396 1127 1450 et
1138 1381 1359 1451 UrbaniVlll

233 1495 390 1585 violanti,
414 1521 453 1564 eo
478 1511 630 1590 tempore
655 1521 723 1590 quo
746 1499 781 1567 S.
805 1499 1033 1592 Congregatio
1051 1495 1250 1581 declaravit,
1269 1496 1359 1567 dicta

231 1610 363 1680 decreta
388 1613 426 1679 in
450 1635 515 1680 suo
541 1610 662 1681 rubore
682 1635 911 1706 pertractante,
941 1637 1009 1680 non
1039 1612 1253 1682 obstantibus
1282 1613 1358 1707 plus

230 1751 333 1820 quam
352 1726 624 1820 quadragenariis
643 1727 677 1794 in
699 1728 907 1796 contrarium
927 1727 1241 1797 consuetudinibus.
1264 1732 1356 1798 Dum

230 1842 321 1909 enim
342 1839 512 1934 legislator
535 1865 709 1933 persuum
732 1839 877 1910 tribunal
905 1840 1055 1912 declarat
1074 1867 1226 1936 expresse
1249 1841 1356 1938 legem

230 1953 377 2048 aliquam
402 1953 702 2025 consuetudinibus
722 1955 901 2024 contrariis
922 1981 991 2025 non
1019 1957 1120 2026 luisse
1142 1957 1354 2052 abrogatam,

229 2069 413 2141 absurdum
440 2084 490 2138 est
514 2093 714 2163 praesumere
742 2094 818 2138 eum
837 2054 936 2140 tacite
955 2073 1146 2142 consentire
1173 2090 1211 2142 ut
1233 2073 1355 2158 lexilla
1440 2077 1443 2083 ’

229 2200 368 2282 propter
389 2188 573 2254 contrarias
589 2184 848 2257 consuetudines
862 2186 929 2254 vim
946 2211 1014 2254 non
1028 2187 1161 2258 habeat.
1179 2189 1270 2257 Dum
1286 2192 1354 2258 sci·

229 2298 307 2376 licet
319 2301 392 2396 ipse
407 2298 577 2394 legislator
587 2299 661 2370 silet
678 2301 768 2372 circa
782 2301 1060 2372 consuetudinem
1080 2301 1144 2398 legi
1155 2302 1255 2372 alicui
1268 2329 1357 2374 con-

229 2417 385 2500 trariam,
405 2440 498 2484 mens
515 2416 587 2509 ejus
609 2416 697 2488 circa
713 2415 814 2508 bajus
835 2416 1090 2494 consuetudinis
1109 2415 1355 2512 legitimitatem

228 2529 444 2623 interpretari
460 2528 559 2598 debet
569 2554 610 2598 ex
624 2529 794 2600 decisione
809 2528 998 2618 tribunalis,
1016 2529 1109 2624 quod
1124 2519 1192 2626 ipse
1210 2533 1356 2604 institnit

228 2659 330 2737 atque
346 2669 406 2712 sua
423 2643 621 2712 auctoritate
639 2645 782 2712 rnunivit
798 2657 836 2712 ut
851 2642 964 2738 legum
984 2670 1116 2714 sensnm
1133 2660 1165 2714 et
1181 2649 1287 2718 robur
1299 2649 1357 2718 de·

227 2757 353 2846 claret3
372 2774 407 2828 et
421 2759 518 2852 cujus
539 2755 782 2828 declarationes
798 2759 957 2828 omnibus
975 2785 1046 2829 esse
1063 2785 1216 2830 normam
1234 2761 1354 2833 voluit.

227 2878 319 2968 Ergo
334 2874 408 2970 ipso
429 2873 483 2942 die
496 2897 565 2966 qun
582 2897 674 2946 sacra
692 2874 920 2967 Congregatio
936 2872 1138 2942 decernebat
1151 2872 1257 2969 legem
1279 2879 1355 2946 Pia·

227 3013 305 3060 narn
323 3005 442 3059 contra
467 2986 728 3060 consuetudines
749 2988 935 3058 contrarias
951 2985 1080 3073 valere,
1105 2989 1262 3082 praesumi
1286 3016 1353 3060 nou

228 3105 356 3197 protnit
376 3108 474 3198 Papae
488 3127 670 3172 consensus
684 3117 721 3170 ut
741 3101 793 3171 lex
809 3104 909 3184 Pinna
927 3089 1122 3196 hujusmodi
1137 3106 1355 3174 consuetudi·

228 3218 327 3288 nibus
348 3219 548 3288 vinceretur.
572 3219 598 3288 Α
617 3231 769 3310 tempore
788 3198 900 3286 autem
922 3241 990 3310 quo
1009 3243 1103 3287 sacra
1122 3219 1354 3312 Congregatio

225 3335 271 3404 ita
291 3333 456 3418 decrevit,
475 3330 621 3426 supponi
635 3353 677 3398 ex
695 3329 828 3398 silentio
847 3336 943 3426 Papae
966 3357 1034 3400 non
1052 3347 1162 3426 potest
1179 3335 1353 3402 accessisse

225 3447 354 3518 dictum
381 3447 485 3542 ipsius
511 3471 724 3518 consensum.
745 3445 795 3515 Ab
818 3444 874 3514 illo
893 3448 982 3516 enim
1000 3461 1173 3540 tempore,
1198 3447 1352 3516 nondum

225 3563 449 3658 qnadraginta
479 3563 559 3632 anni
588 3560 759 3630 effluxere.
787 3559 886 3632 Unde
914 3559 1185 3630 corrcludendnm
1216 3562 1352 3632 tandem

225 3694 296 3766 en,
319 3679 419 3750 horte
440 3678 552 3753 annuc
569 3681 604 3750 s,
631 3678 682 3745 m
697 3679 744 3764 v,
764 3655 949 3746 crementis
966 3679 1047 3748 vm
1072 3693 1106 3746 a
1126 3678 1255 3748 tarsos
1270 3682 1351 3748 vm

224 3797 313 3868 eirca
334 3793 537 3872 breviarium
553 3807 587 3861 et
603 3789 733 3862 missale
746 3791 1003 3862 constitutiones
1017 3794 1055 3862 in
1064 3817 1127 3864 sno
1140 3792 1259 3862 rubore
1269 3819 1353 3888 per·
1467 3816 1471 3821 ’

224 3933 630 4002 arcanar·e,qnaecu1nque
655 3903 803 3987 extiterit
826 3908 859 3976 in
888 3909 1096 3977 contrarium
1123 3907 1347 3978 consuetudo.

223 4026 268 4094 Et
284 4047 423 4122 prorsus
443 4048 512 4092 nnn
534 4022 631 4092 rideo
650 4021 821 4116 quomodo
843 4020 950 4117 logice
975 4023 1045 4092 baec
1067 4021 1240 4092 conclusio
1257 4020 1349 4092 eludi

223 4138 339 4233 possit.

241 4307 245 4312 -
260 4255 393 4348 Neque
409 4251 548 4345 objicias
559 4251 765 4321 controverti
781 4276 823 4320 an
839 4250 1082 4322 declarationes
1101 4253 1349 4348 Congregatio-

225 4389 305 4438 nura
330 4373 560 4438 Romanarum
578 4366 644 4438 rim
664 4365 746 4464 legis
769 4367 926 4441 babeant.
949 4371 1011 4438 Eas
1032 4365 1272 4438 declarationes
1293 4367 1349 4436 bic
