2978 5076
222 308 301 382 228
687 333 895 383 rntcrsrus

232 487 250 520 ιι
266 483 385 554 quum.
408 485 425 524 a
445 455 459 544 (
471 458 603 547 Bissns,
630 461 832 554 Hierurgia‚
860 458 904 528 nd
932 457 1082 534 litteram
1110 460 1160 546 B',
1181 483 1217 528 n.
1252 455 1356 554 130.)

277 577 407 644 XVIII.
428 574 597 644 Doctrina
619 573 779 669 Molsest'i
790 601 801 642 :

281 714 299 756 u
316 686 539 758 Ecclesiastici
557 686 699 782 obligati
718 690 861 760 recitare
881 688 1034 758 officium
1053 688 1220 775 divinum,
1236 703 1355 758 tenen-

230 831 248 867 ιι
267 817 323 872 tur
344 801 427 871 illud
448 804 589 872 recitare
604 803 702 896 juxta
722 804 865 874 formam
882 805 1111 898 prescriptam
1132 805 1169 874 in
1183 805 1356 874 breviario

231 951 248 984 ιι
263 925 418 990 Romano
436 945 456 988 a
479 922 626 990 Summis
638 920 860 992 Pontificibus
877 921 940 991 Pio
959 924 1006 1008 V,
1022 918 1196 994 Clemente
1214 924 1297 991 VIII
1316 947 1356 992 ac

229 1068 247 1101 ιι
264 1035 369 1106 Paulo
387 1040 453 1106 V:
478 1035 577 1105 aliter
603 1059 671 1104 uon
701 1035 933 1106 satisfacerent
950 1049 1140 1130 praecepto.
1170 1034 1354 1108 Conclusio

229 1182 247 1216 ιι
266 1153 431 1247 probatur
447 1152 626 1222 manifeste
640 1177 680 1220 ex
697 1150 793 1222 bulla
810 1177 886 1246 qua
903 1152 1000 1221 initio
1018 1151 1099 1220 dicti
1116 1150 1276 1222 breviarii
1295 1153 1356 1222 ha-

229 1297 247 1332 ιι
267 1270 377 1353 betur,
394 1293 461 1361 qua
484 1266 679 1361 praecipitur
704 1277 751 1338 ut'
766 1267 802 1336 in
818 1267 977 1336 omnibus
995 1265 1155 1356 ecclesiis,
1180 1282 1355 1336 monaste-

227 1411 246 1448 ιι
265 1384 334 1467 riis,
359 1383 537 1452 ordinibus
555 1396 591 1450 et
618 1381 714 1468 locis,
746 1382 848 1452 etiam
870 1383 1047 1476 exemptis,
1078 1381 1228 1452 universi
1249 1381 1354 1468 orbis,

228 1529 244 1562 ιι
264 1499 300 1567 in
327 1498 452 1590 quibus
473 1497 625 1566 officium
652 1497 805 1568 divinum
828 1522 869 1566 ex
885 1521 980 1568 more
1002 1510 1037 1568 et
1052 1496 1123 1566 ritu
1140 1511 1264 1584 sauctae
1281 1500 1354 1565 Ro·

228 1640 246 1682 u
265 1638 371 1682 inante
391 1610 548 1682 Ecclesia
568 1611 636 1682 dici
658 1611 756 1698 solet,
783 1612 895 1700 debet,
909 1625 969 1682 aut
991 1611 1180 1698 consuevit,
1196 1627 1354 1682 servetur

226 1757 244 1790 ιι
265 1727 374 1796 forma
393 1725 553 1821 precandi
578 1741 612 1794 et
632 1725 797 1820 psallendi
821 1751 899 1820 quae
925 1727 960 1797 in
988 1725 1080 1796 dicto
1098 1727 1268 1794 breviario
1282 1731 1353 1796 Ro-

228 1871 247 1908 ιι
266 1867 368 1910 niano
400 1842 619 1926 continetur,
659 1866 728 1911 non
762 1841 921 1910 obstante
952 1841 1072 1934 quavis
1103 1841 1352 1912 consuetudine

229 1987 245 2021 ιι
266 1957 434 2026 contraria
456 1981 531 2049 quae
545 1981 616 2024 uon
641 1956 773 2026 excedit
795 1955 962 2026 ducentos
983 1979 1101 2026 annos.
1119 1956 1227 2051 Igitur
1242 1959 1352 2026 ornuis

228 2103 245 2138 ιι
262 2071 349 2141 alius
367 2072 487 2141 modus
504 2069 685 2158 recitandi,
704 2087 738 2140 et
756 2071 866 2138 omnis
877 2068 942 2138 alia
964 2069 1174 2140 consuetudo
1187 2071 1351 2166 abrogata

227 2215 246 2256 u
263 2203 325 2271 est,
342 2202 381 2256 ut
393 2189 522 2280 optime
534 2199 788 2282 prosequuntur
803 2200 957 2256 auctores
974 2187 1088 2270 citati3
1107 2187 1167 2279 qui
1184 2189 1351 2256 rationem

227 2333 244 2367 ιι
262 2303 361 2372 aliam
385 2301 551 2390 subdunt,
571 2327 612 2370 ex
631 2327 701 2394 quo
717 2299 849 2370 nullum
867 2298 962 2370 aliud
980 2300 1106 2370 dicitur
1122 2301 1273 2372 officium
1296 2328 1352 2372 ea-

226 2448 244 2481 «
261 2419 435 2500 noricum,
452 2415 534 2484 dum
550 2441 618 2484 non
642 2430 693 2484 est
709 2416 935 2510 approbatum
958 2440 1018 2509 per
1035 2415 1213 2489 Ecclesiam
1232 2420 1349 2488 catho-

226 2561 243 2596 ιι
262 2531 374 2618 licam,
399 2531 503 2598 immo
523 2529 765 2624 reprobatum
784 2545 819 2598 et
844 2529 892 2598 sic
913 2553 983 2598 non
1004 2530 1164 2600 satisfacit
1180 2548 1349 2627 praecepto

226 2644 345 2713 «Illud
367 2644 522 2712 recitans.
547 2673 566 2710 a
592 2645 884 2738 (Promptuarium
906 2643 1049 2739 triplicis
1070 2645 1170 2739 juris,
1193 2660 1292 2717 tract.
1316 2646 1350 2734 5,

224 2787 299 2855 cap.
325 2785 356 2846 r,
374 2785 410 2830 n.
436 2758 518 2854 t3.)

273 2878 368 2946 XIX.
392 2875 563 2944 Doctrina
584 2872 766 2944 Br'llnnrt:

275 3021 293 3054 ιι
311 2995 364 3062 De
380 2990 492 3060 forma
514 2988 679 3058 recitandi
703 2988 854 3058 officium
870 3031 911 3044 ·-
929 2992 1016 3063 Ilico
1039 2990 1077 3060 1⁰
1094 3015 1211 3060 ontues
1233 2991 1348 3062 officio

225 3135 243 3170 ιι
261 3106 377 3174 divino
404 3103 557 3172 adstricti
582 3102 743 3172 tenentur
766 3102 850 3173 illud
877 3106 1017 3174 recitare
1032 3104 1130 3198 juxta
1152 3083 1296 3174 locutam
1315 3122 1348 3176 et

196 3249 241 3303 ,ιι
264 3223 365 3288 ritum
388 3216 580 3312 generalem
599 3218 758 3286 breviarii
779 3220 935 3304 Romani,
952 3219 1052 3312 jussu
1073 3221 1108 3288 S.
1132 3220 1182 3288 Pii
1206 3223 1238 3290 V
1267 3221 1347 3290 editi

226 3363 244 3402 u
265 3332 374 3420 15683
394 3335 440 3402 ita
464 3347 503 3402 ut
523 3358 623 3402 nemo
645 3334 710 3403 nisi
728 3334 791 3404 hac
805 3333 876 3404 sola
899 3333 1048 3405 formula
1067 3335 1257 3404 satisfacere
1273 3361 1347 3430 pos·

224 3475 243 3510 ιι
259 3448 315 3534 sit,
341 3447 491 3540 exceptis
519 3446 559 3514 iis
584 3445 733 3516 ecclesiis
752 3445 803 3516 vel
832 3448 1150 3542 religionibusque
1180 3465 1260 3520 aute
1280 3475 1347 3522 ano

225 3591 244 3624 ιι
260 3585 367 3630 anuos
388 3557 455 3628 alio
477 3560 520 3628 ab
547 3559 698 3630 Ecclesia
716 3562 906 3657 approbato
925 3563 1134 3634 utebanturz
1153 3565 1278 3656 quibus
1297 3581 1346 3634 ta·

196 3737 199 3742 .
225 3705 243 3741 u
260 3700 338 3746 men
361 3673 561 3746 conceditur
584 3689 622 3744 nt
646 3675 688 3746 de
707 3701 873 3746 consensu
891 3677 1051 3772 Episcopi
1070 3693 1105 3747 et
1122 3679 1270 3748 universi
1292 3705 1348 3750 ca·

225 3824 241 3856 ιι
259 3793 371 3888 pituli,
391 3793 461 3862 sive
486 3789 616 3886 praelati
643 3808 677 3864 et
695 3796 948 3864 communitatis
968 3800 1123 3867 Romano
1148 3799 1198 3868 uti
1219 3800 1347 3892 possint

223 3937 240 3970 ιι
258 3907 293 3974 in
307 3908 426 3977 choro.
451 3937 469 3972 n
485 3908 678 4001 (Tractatus
700 3909 742 3979 de
756 3909 946 4005 Religione‚
967 3911 1099 3982 dissert.
1120 3935 1150 4000 1,
1169 3927 1234 3984 art.
1252 3913 1287 4002 8,
1305 3913 1347 3983 de

136 4119 140 4124 ι
221 4021 317 4091 horis
334 4022 552 4114 canonicis,§
572 4020 622 4120 5.)

271 4139 350 4208 xx.
367 4137 540 4204 Doctn'na
557 4141 714 4210 Gavnntt'
727 4156 762 4212 et
780 4147 910 4212 Mernti
925 4170 936 4212 :

262 4234 290 4316 ἰ
307 4253 397 4320 uara
417 4249 479 4319 fut
494 4249 587 4322 tutta
604 4255 653 4325 ru
677 4256 709 4325 v
732 4281 751 4352 7
772 4235 848 4325 itus
864 4254 943 4350 jum
967 4255 1073 4347 1568,
1090 4259 1126 4326 in
1144 4281 1212 4352 qua
1230 4236 1344 4326 Ριιιῑ.

222 4396 241 4430 ιι
258 4366 312 4436 fex
332 4363 437 4434 multa
459 4365 551 4436 facit.
583 4367 620 4437 1⁰
637 4369 814 4466 Significat
836 4395 972 4442 causan
995 4372 1119 4445 edendi
1145 4371 1249 4467 hujus
1271 4373 1343 4442 bre·
