3004 5070
222 335 295 432 296
344 375 348 384 ·
681 358 885 410 reserares

223 523 243 557 ιι
263 489 492 562 remonialem
515 490 555 558 ia
581 486 748 560 cornibus
770 488 823 558 ad
850 511 1002 588 megaera
1035 513 1175 561 servare
1206 491 1352 583 debere,

219 619 494 702 «praeterquam
521 603 752 702 milliaque
773 603 819 674 de
843 605 994 702 antiqua
1014 605 1282 676 immemorabili
1306 633 1355 678 ac

219 753 238 787 ι
260 719 436 793 Iomlrrbr'li
460 716 730 807 consuetudine,
760 718 833 790 olto
867 719 922 790 vel
946 718 1083 792 diverso
1104 720 1207 792 modo
1233 721 1281 792 ab
1311 747 1355 794 eo

208 867 239 902 a
262 861 333 934 quo
354 837 392 904 io
419 833 664 906 Creremom'oli
674 832 929 928 praescribitur,
957 833 1189 906 observantur
1209 864 1221 907 .·
1243 852 1276 907 et
1304 839 1354 907 ita

222 983 239 1018 ιι
260 951 391 1022 censuit
411 965 446 1020 et
463 949 656 1036 declaravit,
677 949 733 1020 die
758 947 799 1020 16
814 948 891 1043 julii
913 947 1015 1021 1605.
1036 981 1053 1016 s
1074 950 1191 1047 (Apud
1209 951 1355 1022 Gardel-

223 1065 298 1150 tini,
322 1074 362 1134 n⁰
385 1065 480 1159 rai.)

272 1180 527 1250 Adrastum:
557 1207 575 1244 ιι
603 1183 655 1251 An
680 1203 743 1275 pro
772 1178 958 1249 eximendis
981 1179 1080 1249 dictis
1110 1181 1282 1250 canonicis
1309 1183 1354 1250 ab

223 1327 241 1362 ιι
260 1296 472 1366 observantia
485 1296 755 1390 praescriptorum
771 1295 806 1362 in
821 1293 939 1364 eodem
949 1294 1197 1379 Creremoniali‚
1207 1295 1356 1365 sufficiat

224 1440 242 1474 ιι
265 1411 392 1495 dicere,
412 1410 504 1505 quod
525 1410 558 1478 id
577 1435 646 1478 uon
666 1409 711 1478 sit
727 1424 900 1503 receptum
921 1408 957 1478 in
972 1409 1168 1504 Hispaniis?
1184 1451 1234 1464 —-
1250 1414 1286 1479 S.
1308 1412 1356 1479 ri·

224 1554 242 1589 ιι
262 1540 360 1594 tuum
378 1525 607 1620 Congregatio
625 1523 799 1618 respondit
814 1551 822 1593 :
839 1547 909 1592 aon
927 1523 1120 1619 sufficere.»
1134 1523 1249 1621 (Apud
1268 1530 1357 1596 Gar·

225 1639 356 1727 dellini,
379 1640 420 1710 n⁰
439 1639 550 1726 3ora,
566 1639 608 1708 ad
627 1639 682 1735 d.)

275 1756 468 1850 Propositio
489 1764 531 1825 α’.
552 1760 624 1824 Per
632 1753 840 1850 praedictum
860 1753 985 1825 lr'brrrm
998 1754 1272 1825 caeremonialem
1284 1779 1358 1825 non

226 1869 400 1940 tollamur
422 1866 625 1938 laudabiles
645 1875 830 1940 contrariae
851 1867 1137 1958 consuetudines,
1157 1868 1260 1939 morlo
1283 1871 1358 1939 sint

226 1983 537 2064 immemorabilem
550 2025 601 2038 --
620 1982 655 2054 1⁰
672 1985 834 2079 Sequitur
850 2009 890 2053 cx
905 1999 1023 2054 tenore
1037 1983 1251 2054 decretorum
1267 2009 1356 2080 pon·

227 2100 411 2172 tificiorum
432 2099 467 2169 in
488 2101 613 2194 quibus
633 2123 788 2194 expressa
810 2099 939 2168 mentio
960 2123 1028 2168 non
1051 2097 1088 2168 fit
1103 2098 1145 2167 de
1166 2123 1235 2168 non
1253 2100 1359 2168 abro-

228 2218 315 2312 gatis
340 2217 519 2284 contrariis
551 2214 856 2285 consuetudinibus
880 2211 1220 2302 immemorabilibus3
1248 2211 1360 2302 tunde,

224 2333 324 2424 juxta
349 2345 517 2424 receptam
544 2327 693 2425 regulam
715 2328 824 2421 juris,
852 2341 1062 2422 praeservata
1083 2328 1211 2398 censeri
1234 2327 1362 2398 debent

231 2446 424 2541 hujusmodi
444 2443 722 2531 consuetudines,
746 2443 853 2514 donec
874 2441 972 2512 aliter
989 2441 1300 2512 declaretur.-o⁰
1317 2441 1360 2512 Id

228 2562 405 2631 multoties
433 2583 589 2656 expresse
617 2557 801 2628 declaravit
825 2561 928 2628 Sacra
959 2558 1086 2628 rituum
1113 2560 1358 2652 Congregatio.

229 2679 303 2746 Jam
335 2677 370 2745 in
403 2673 603 2770 precedenti
630 2671 863 2767 propositione
889 2673 1071 2742 citavimus
1096 2671 1360 2743 declarationem

232 2789 301 2860 diei
324 2788 366 2860 16
383 2788 462 2884 julii
483 2786 589 2876 1605,
610 2788 646 2858 iu
668 2811 735 2880 qua
754 2811 911 2883 expresse
933 2802 1178 2881 praeemantur
1194 2787 1361 2882 predictae

231 2904 520 2976 immemorabiles
535 2903 811 2975 consuetudines.
835 2906 899 2974 Cui
922 2903 1085 2976 decisioni
1106 2921 1285 2999 sequentes
1303 2905 1363 2974 ad·

230 3023 429 3118 jungimus:
449 3051 466 3086 ιι
485 3023 574 3111 Quia
593 3021 626 3088 iu
651 3018 799 3090 ecclesiis
820 3043 1005 3115 regnorum
1020 3021 1199 3115 Hispania,
1217 3045 1256 3090 ex
1274 3021 1364 3090 anti·

233 3167 251 3200 ιι
274 3151 393 3231 qna'et
406 3135 665 3206 immemorabili
685 3135 948 3223 consuetudine,
972 3133 1078 3206 multa
1103 3135 1239 3205 diverso
1257 3135 1362 3204 modo

230 3282 250 3316 ιι
269 3252 360 3322 frunt
373 3253 415 3321 ab
427 3250 569 3345 eoquod
585 3253 618 3319 in
627 3249 860 3321 Caeremoniali
873 3249 1114 3346 Episcoporum
1128 3249 1318 3320 declaratur
1329 3263 1364 3319 et

230 3393 251 3430 ιι
272 3366 464 3454 ordinatur,
493 3367 616 3461 partim
649 3391 689 3436 ex
712 3364 896 3460 apostoliea
923 3365 1151 3455 concessione,
1174 3367 1299 3460 partim
1320 3389 1363 3433 ex

233 3511 251 3546 ιι
270 3482 503 3550 ministrorum
524 3482 696 3570 varietate,
721 3482 843 3575 partim
865 3482 966 3550 etiam
988 3505 1032 3550 ex
1054 3479 1185 3550 diversa
1207 3478 1364 3550 ccclesia·
1418 3527 1421 3532 <

232 3625 252 3664 ιι
272 3623 360 3687 rum,
379 3597 535 3670 altarium
558 3615 591 3668 et
606 3599 704 3670 cltori
728 3599 932 3669 situatione:
949 3598 1029 3668 ldeo
1044 3599 1088 3670 ad
1110 3600 1308 3669 instantiam
1329 3613 1364 3667 ct

232 3741 252 3778 a
274 3739 337 3809 pro
357 3730 452 3810 parte
468 3715 622 3784 omnium
641 3714 857 3786 ecclesiarum
873 3717 907 3784 in
925 3715 1095 3810 Hispaniae
1112 3717 1238 3811 regnis,
1260 3718 1295 3784 S.
1312 3716 1365 3782 ri-

232 3857 251 3892 a
272 3844 368 3899 tuum
394 3831 660 3926 Congregatloui
688 3829 914 3926 supplicatum
940 3829 1006 3899 fuit
1032 3822 1210 3917 declarari,
1237 3829 1362 3898 librum

231 3973 250 4007 ιι
271 3945 468 4038 praedictum
483 3945 757 4017 Caeremonialem
768 3947 1014 4040 Episcoporum
1023 3967 1134 4039 nuper
1148 3943 1276 4014 editum
1293 3969 1363 4012 uon

233 4058 393 4130 «tollere
427 4062 710 4132 immemorabiles
750 4061 965 4132 ecclesiarum
1001 4059 1277 4132 consuetudines.
1314 4099 1364 4113 -

234 4203 252 4238 ιι
275 4175 401 4246 Eadem
425 4179 461 4246 S.
486 4179 615 4245 rituum
636 4177 880 4271 Congu-egatio,
905 4189 944 4245 ut
965 4174 1047 4245 alias
1067 4199 1152 4270 saepo
1171 4173 1214 4244 ad
1234 4175 1365 4244 instan-

226 4321 252 4376 ιι
275 4292 355 4362 tiam
374 4290 647 4386 particularium,
662 4292 706 4359 ita
720 4315 811 4360 nttnc
826 4289 871 4360 ad
884 4291 1079 4362 instantiam
1095 4289 1247 4359 omnium
1262 4287 1364 4358 eccle·

231 4433 251 4469 ιι
274 4407 401 4476 siarum
415 4407 447 4474 in
459 4407 628 4502 Hispania
641 4407 769 4502 regnis:
782 4409 923 4478 Dictum.
933 4405 1062 4480 librum
1078 4406 1363 4480 Caeremomirlem
