2978 5076
496 395 543 442 ns
566 395 653 442 suna
677 395 883 444 staunctco.
1178 403 1248 476 asp

125 553 142 588 a
164 521 322 618 procedit
342 522 387 592 de
398 535 529 609 sancto,
546 523 606 616 qui
625 545 739 617 neque
754 538 806 594 est
822 539 990 621 patronus
1006 525 1173 615 discessis,
1192 554 1250 600 ne·

125 667 142 702 a
161 663 231 731 que
255 637 346 708 illius
365 635 541 724 naturalis,
558 663 669 732 neque
691 636 781 708 illius
795 664 920 734 corpus
936 655 996 711 aut
1017 641 1181 714 notabiles
1199 670 1252 714 re

126 784 143 818 n
163 753 277 847 liquiae
290 755 325 822 in
345 752 403 824 tali
422 754 558 828 diecesi
572 755 732 826 existunt.
746 757 815 841 An,
841 756 994 849 inquam,
1010 757 1053 828 dc
1067 759 1133 830 hoc
1146 759 1252 854 possit

127 871 356 964 «Episcopus
370 884 519 940 statuere
539 884 579 940 ut
596 868 709 940 clerici
728 893 796 940 une
818 869 969 940 dioecests
990 872 1142 942 officium
1164 873 1253 944 reci·

128 1015 145 1064 u
163 985 261 1056 tenti
273 989 416 1058 Cenum
425 1000 476 1054 est
489 985 733 1058 constitutione
745 998 910 1081 perpetuu
924 985 958 1056 id
970 985 1044 1056 lieri
1057 1014 1126 1058 non
1139 1013 1249 1082 posse,

127 1130 144 1165 α
164 1101 246 1196 quia
268 1115 355 1172 esset
376 1100 517 1174 adversa
536 1101 739 1196 supradicte
763 1102 983 1196 Gregocianae
1004 1106 1251 1176 constitutioni.

127 1245 145 1282 e
166 1218 285 1311 Inquit
302 1218 416 1286 enim:
430 1223 487 1290 De
505 1216 589 1288 allis
602 1242 689 1288 vero
702 1220 850 1308 sanctis,
864 1219 1008 1288 etiamsi
1014 1222 1087 1290 sint
1105 1237 1253 1291 ncttura·

129 1361 146 1396 α
167 1331 221 1402 les
248 1331 312 1403 vel
320 1334 471 1428 patmtza‘
490 1331 636 1404 atui-ius
655 1330 826 1419 dioecesis,
859 1333 1004 1404 ettnmsi
1018 1333 1155 1406 illenim
1178 1359 1254 1406 con·

130 1470 251 1543 «pora
277 1446 342 1518 vel
354 1446 528 1518 notabiles
551 1447 708 1544 teltiputae
731 1449 771 1516 in
792 1446 915 1544 alu'quu
941 1448 1090 1520 ecclesie
1109 1450 1254 1522 altetu'us

130 1590 147 1626 α
163 1560 328 1634 disemis
341 1565 576 1660 requiescant,
591 1587 664 1634 non
681 1559 873 1634 celebretur
884 1560 1041 1658 effictum
1050 1547 1254 1662 proprium,

127 1709 144 1744 s
164 1677 231 1748 sed
249 1694 403 1750 seruetur
416 1675 504 1750 ordo
523 1677 688 1750 brenna·
700 1679 866 1750 Romani.
893 1683 937 1750 ttt
950 1681 1137 1776 Episcopus
1152 1681 1254 1752 deco·

127 1823 144 1858 a
163 1817 244 1888 gase
259 1819 329 1864 non
345 1809 459 1888 potest
477 1819 538 1864 sua
563 1795 807 1866 constitutione
824 1795 1102 1866 constitutionem
1116 1796 1256 1891 pontifi·

127 1937 146 1974 α
166 1910 275 1997 ciam3
295 1933 389 2004 engo.
411 1913 456 1980 At
471 1909 652 1982 dicendum
670 1909 826 1980 existimo
844 1933 943 2004 posse
960 1911 1166 2007 Episcopum
1185 1937 1254 1984 una

129 2053 148 2092 α
168 2025 220 2096 vel
239 2024 306 2098 alin
326 2027 396 2098 vice
410 2042 570 2117 statuere,
589 2043 628 2098 ut
649 2026 693 2098 de
715 2026 830 2121 aliquo
845 2043 995 2100 sanctoa
1016 2028 1095 2098 sede
1108 2034 1255 2125 Aposto-

130 2171 147 2206 α
167 2139 232 2232 lica
250 2143 454 2213 canonizato
471 2144 644 2231 recitetur,
664 2144 692 2210 si
710 2167 834 2238 urgens
852 2141 965 2236 aliqua
981 2168 1081 2212 causa
1097 2161 1256 2216 coeuerat

127 2285 146 2318 a
166 2281 241 2352 quae
266 2255 628 2328 Pontificem'consuli
654 2281 725 2328 non
762 2258 946 2352 permittat.
966 2287 984 2324 a
1007 2257 1254 2353 (Castnopalao,

129 2386 229 2464 tract.
254 2397 286 2468 7,
308 2372 436 2467 disput.
458 2399 495 2458 a,
515 2375 535 2468 s
553 2370 588 2458 3,
607 2387 728 2468 pttnct.
751 2398 788 2464 2,
810 2387 893 2443 tom.
918 2376 967 2464 11,
995 2397 1073 2469 pag.
1096 2376 1154 2461 sl,
1172 2374 1254 2446 edit.

125 2487 302 2584 Lugduni,
323 2487 444 2587 1635.)

175 2606 221 2675 V.
236 2605 409 2674 Doettina
426 2607 616 2676 Benacine
635 2633 648 2676 .·

179 2748 198 2786 α
221 2724 352 2792 Omnes
380 2721 439 2816 qui
464 2720 508 2790 ad
536 2721 638 2792 horas
667 2722 849 2792 canonicas
880 2721 1069 2792 recitandas
1103 2722 1255 2794 adstricti

129 2865 150 2904 e
168 2851 261 2924 sunt,
279 2845 441 2906 tenentur
459 2834 534 2908 illas
552 2837 615 2908 sub
629 2836 765 2908 mortali
783 2838 926 2908 recitare
939 2838 1038 2930 juxta
1050 2838 1255 2908 breviarium

39 2965 45 2982 ¹
129 2987 149 3024 α
165 2962 373 3029 Romanum.
395 2956 496 3026 Ratio
517 2969 567 3025 est
583 2955 663 3048 quia
684 2951 791 3024 laxet
813 2955 1015 3024 constitutio
1032 2953 1256 3024 ecclesiastica

130 3101 150 3138 o
167 3071 298 3167 obligat
334 3073 397 3142 suh
422 3069 558 3142 mortali
586 3072 621 3138 in
649 3071 793 3138 materia
821 3068 931 3164 gravi.
962 3067 1110 3138 Ecclesia
1141 3083 1254 3138 antem

131 3188 328 3282 «precepit
352 3203 387 3258 et
405 3185 582 3256 constituit
599 3183 750 3256 officium
771 3184 904 3254 recitari
926 3183 1025 3278 juxta
1047 3184 1255 3254 breviarium

130 3331 150 3368 α
166 3305 380 3388 Romanum
403 3304 507 3372 intuto
531 3302 644 3372 irritat
672 3315 707 3370 ct
733 3315 842 3370 cassat
873 3297 1005 3394 reliqua
1023 3301 1201 3388 breviaria,
1218 3313 1257 3368 ut
1303 3393 1305 3398 Ι

132 3445 152 3482 u
169 3433 264 3512 patet
279 3443 319 3488 ex
336 3419 578 3490 constitutione
588 3417 640 3488 Pii
658 3419 691 3485 V
710 3415 801 3486 edita
817 3440 909 3486 anno
929 3413 1034 3502 1568,
1052 3429 1145 3485 etex
1163 3412 1256 3484 bulla

132 3559 152 3602 a
172 3533 355 3606 Clementis
374 3537 471 3625 llll,
494 3559 569 3628 quae
589 3533 805 3628 reperiuntur
820 3529 921 3599 initio
943 3529 1172 3616 breviarii3ct
1184 3528 1256 3598 haec

131 3677 151 3716 α
168 3664 221 3720 est
244 3651 385 3721 materia
405 3650 530 3745 gnavis.

183 3793 201 3830 n
220 3767 270 3836 Ex
291 3789 361 3859 quo
387 3764 426 3834 lit
445 3779 483 3834 ut
501 3763 568 3834 alio
589 3765 659 3835 ritu
683 3763 837 3832 divinum
862 3759 1015 3832 officium
1044 3758 1179 3829 recitari
1197 3781 1257 3826 ne-

131 3909 150 3946 «
168 3895 284 3974 queat,
303 3882 404 3950 etiam
422 3879 516 3950 iniis
536 3877 619 3948 locis
632 3881 668 3948 in
682 3880 806 3973 quibus
824 3876 1030 3946 breviarium
1051 3877 1256 3964 Romanum,

133 4026 151 4060 α
171 3994 376 4092 negligentia
394 3995 447 4066 vel
464 3996 653 4066 resistentia
666 3993 981 4081 Praelatot·u1n‚non
998 4005 1049 4060 est
1069 4003 1257 4085 receptum.

133 4141 152 4178 n
170 4117 331 4184 Summus
351 4115 442 4184 enini
457 4111 612 4184 Pontifex
630 4111 740 4182 irritat
756 4111 873 4180 omnia
892 4107 955 4178 alia
978 4108 1156 4178 bteviaria.

186 4257 205 4296 s
225 4229 457 4323 Excipiuntur
486 4243 600 4298 tamen
631 4227 665 4298 in
696 4227 750 4298 his
775 4224 1077 4296 constitutionibus
1110 4219 1257 4292 ecclesie

138 4373 157 4412 ι
173 4369 319 4440 quarum
341 4345 453 4416 officia
480 4345 666 4440 approbata
687 4358 769 4414 sunt
792 4368 811 4411 a
834 4346 975 4414 Summo
998 4338 1175 4428 Pontilioe,
1197 4348 1259 4406 aut

137 4491 158 4528 a
173 4487 253 4557 quse
272 4487 293 4534 a
314 4462 471 4534 ducentis
489 4476 523 4532 et
545 4485 586 4532 eo
602 4459 745 4556 amplius
772 4458 871 4529 aunis
890 4471 970 4528 ante
985 4454 1166 4525 editionem
1182 4452 1262 4522 tne-
