2934 5074
247 369 296 454 84
708 387 920 438 autmarus
990 440 994 446 ,

251 518 419 589 «exclusa
446 517 586 606 volunt,
618 517 892 590 reformationem
918 517 1046 611 pariter
1073 515 1183 587 cultus
1214 517 1323 590 divini
1350 535 1389 590 et

253 661 270 698 a
293 632 573 703 caeremoniarum
589 632 653 702 sibi
669 631 749 701 solis
767 645 986 728 arrogantes,
1010 633 1127 727 vigore
1143 632 1306 702 nimirum
1322 660 1337 729 J
1344 659 1389 704 u-

252 777 270 814 α
288 749 377 817 rium
395 744 636 842 episcopalium
657 760 693 816 et
710 743 983 833 territorialium,
1001 770 1021 815 a
1040 746 1165 841 quibus
1192 747 1321 817 subditi
1349 761 1388 819 et

253 877 395 932 astatus
413 859 636 956 provinciales
657 861 782 929 merito
811 874 971 930 arcentur
986 889 1004 926 a
1032 859 1158 956 (Dacis.
1177 861 1263 951 113,
1283 889 1320 934 n.
1339 863 1389 952 83

247 976 340 1075 apud
353 975 529 1064 Zaccaria,
545 973 631 1045 Bibl.
650 974 728 1062 rit.,
745 987 770 1043 t.
791 976 823 1061 l,
839 973 970 1046 dissert.
998 999 1028 1059 t,
1051 1001 1084 1071 p.
1107 973 1162 1072 a).

296 1097 358 1164 ΙΙΙ.
378 1090 571 1162 Mosheimii
601 1106 745 1186 systema
776 1089 954 1160 aduobus
983 1091 1249 1186 praecedentibus
1279 1091 1387 1188 longe

247 1209 374 1280 differt.
389 1206 573 1278 Contendit
587 1229 707 1302 nempe
709 1205 775 1303 jus
788 1205 987 1306 liturgicum
1002 1232 1075 1278 esse
1085 1207 1385 1278 annumerandum

244 1325 378 1420 juribus
393 1320 634 1418 collegialibus,
651 1345 722 1394 non
744 1321 972 1416 majestaticis.
996 1322 1098 1392 Unde
1117 1324 1276 1418 princeps
1295 1338 1385 1394 tem-

245 1440 372 1537 poralis
392 1438 498 1510 babet
515 1438 650 1534 quidem
666 1439 723 1534 jus
744 1437 844 1526 illud,
861 1439 920 1508 sed
933 1464 973 1509 ex
989 1440 1206 1510 concessione
1223 1465 1384 1511 commu·

178 1625 181 1632 ,
247 1557 363 1628 nitatis
379 1553 528 1625 fidelium
545 1579 603 1625 seu
618 1553 786 1626 Feclesiae.
801 1555 903 1644 Hinc,
920 1554 974 1648 jus
990 1553 1076 1625 illud
1089 1579 1244 1626 exercere
1260 1559 1386 1652 nequit

247 1673 312 1742 nisi
330 1669 588 1766 dependentera
611 1667 765 1738 fidelium
776 1693 955 1740 consensu.
975 1673 1021 1740 At
1033 1668 1130 1738 simul
1151 1671 1385 1768 conceditjus

248 1789 345 1858 eirca
373 1785 552 1882 liturgiam
579 1809 650 1854 esse
680 1783 948 1878 majestaticum,
970 1784 1017 1854 ita
1042 1798 1081 1854 ut
1109 1786 1265 1878 princeps
1297 1785 1383 1855 illud

247 1905 375 1998 absque
395 1902 639 1996 cujuscumque
666 1923 834 1970 consensu
854 1925 1009 1972 exercere
1038 1902 1155 1996 possit.
1174 1905 1272 1972 Hanc
1299 1927 1384 1974 vero

247 2018 406 2092 subtilem
425 2019 513 2087 inter
523 2015 588 2114 jars
600 2015 801 2114 liturgicum
816 2029 850 2085 et
863 2015 930 2113 jus
943 2017 981 2086 in
996 2015 1177 2116 liturgiam
1194 2017 1384 2089 distinctio·

248 2161 341 2224 nem,
360 2135 407 2204 sic
433 2132 578 2228 explicat
599 2158 608 2201 t
632 2136 823 2202 Decernere
848 2147 882 2202 et
910 2132 1135 2203 determinare
1160 2133 1310 2224 cultum,
1333 2149 1383 2206 est

247 2275 400 2322 exercere
411 2247 478 2346 jus
498 2247 698 2348 liturgicum
708 2274 723 2333 ;
750 2246 786 2316 id
804 2271 885 2316 vero
914 2247 956 2316 ad
976 2245 1174 2337 Ecclesiam,
1195 2249 1228 2317 id
1249 2266 1317 2340 cst,
1340 2250 1381 2321 ad

246 2364 481 2437 collectionem
500 2361 664 2449 fidelium,
679 2375 826 2457 spectat;
846 2386 916 2431 non
935 2386 1018 2432 vero
1037 2363 1079 2433 ad
1093 2364 1296 2459 principem,
1316 2366 1379 2435 nisi

246 2507 288 2552 ex
322 2503 488 2551 consensu
520 2493 554 2549 et
590 2477 807 2549 concessione
827 2475 997 2550 Ecclesiae.
1031 2482 1156 2550 Atvcro
1187 2481 1379 2575 invigilare,

247 2620 435 2693 praecavere
453 2609 488 2664 et
507 2593 672 2688 impedire
701 2617 744 2662 ne
763 2591 875 2662 cultus
903 2607 1022 2664 noceat
1044 2595 1281 2689 tranquillitati
1315 2625 1378 2694 pu-

245 2713 354 2800 blicae,
370 2727 421 2782 est
439 2735 591 2780 exercere
598 2709 664 2806 jus
685 2711 723 2780 ia
742 2709 923 2808 liturgiam
933 2739 948 2796 ;
969 2710 1005 2779 id
1022 2735 1103 2780 vero
1128 2711 1170 2782 nd
1190 2714 1378 2810 principem

222 2875 226 2883 ·
250 2843 414 2923 tanquam
427 2825 510 2920 quid
521 2825 608 2918 juris
620 2825 818 2919 majestatici
829 2825 985 2920 pertinet.
1003 2825 1254 2919 Objicicntibus
1266 2843 1379 2900 autem

249 2945 352 3040 hujus
370 2940 594 3011 distinctionis
612 2938 829 3009 subtilitatem
847 2941 895 3009 sic
916 2940 1098 3035 respondet
1117 2967 1159 3012 :a
1171 2944 1229 3030 At,
1253 2945 1378 3040 inquis,

250 3092 267 3128 a
285 3061 340 3131 cui
358 3060 451 3128 bono
464 3057 614 3126 haectanr
633 3054 774 3125 sollicite
805 3055 1320 3152 conquirunturlRespondeo:
1343 3060 1377 3129 si

249 3207 267 3244 a
285 3175 379 3247 nulla
393 3173 458 3244 alia
477 3185 562 3242 esset
584 3172 691 3265 ratio,
708 3173 778 3241 haec
793 3173 892 3242 unica
907 3172 1088 3261 sufficeret,
1107 3175 1198 3268 quod
1222 3176 1376 3272 princeps

248 3324 266 3359 a
284 3290 459 3364 absolutus
474 3288 508 3356 in
529 3287 854 3381 jtrribusmajestatis
874 3287 1047 3358 strictesic
1059 3288 1158 3359 dictis
1171 3293 1376 3380 exercendis,

246 3441 263 3476 a
282 3409 395 3480 omnia
411 3407 489 3502 jure
505 3418 583 3500 agat
602 3429 643 3473 ex
665 3427 727 3473 suo
741 3403 894 3492 arbitrio,
917 3404 1146 3500 nequidquam
1159 3385 1323 3476 sollicitus
1336 3408 1376 3476 de

247 3523 498 3595 «subditorum
518 3518 757 3616 opinionibus,
781 3517 885 3588 modo
913 3517 1034 3588 divinis
1052 3517 1183 3614 legibus
1212 3545 1252 3591 ea
1287 3522 1375 3594 haud

206 3724 216 3728 -
246 3638 451 3710 «contraria
464 3635 622 3732 judicet:
646 3633 782 3730 quodsi
802 3634 973 3728 verojura
997 3649 1150 3705 exerceat
1173 3661 1244 3708 non
1273 3638 1375 3733 maje·
1460 3681 1461 3741 ᾗ

245 3753 413 3842 astatica,
427 3765 562 3821 tanturn
586 3764 637 3819 est
662 3764 700 3819 ut
714 3748 793 3843 jure
814 3764 892 3844 agat
922 3750 950 3819 si
977 3773 1076 3819 suum
1103 3751 1203 3822 unice
1215 3769 1374 3848 sequatur

245 3901 263 3937 a
282 3867 485 3954 arbitrium,
504 3878 543 3934 ut
572 3865 685 3935 statim
720 3864 901 3958 imperium
931 3864 967 3932 in
1003 3889 1132 3935 sacram
1162 3867 1372 3961 tyrannidem
1459 3917 1460 3930 .

245 4015 262 4053 a
282 3985 474 4080 degeneret,
489 3978 553 4049 nisi
565 3979 652 4050 ratio
662 3979 831 4049 habeatur·
841 3979 1055 4050 subditorum
1070 3982 1372 4076 persuasionum.»

245 4105 358 4195 Quam
380 4098 546 4170 theoriam
561 4096 781 4166 Mosheimius
797 4111 942 4168 conatur
957 4097 1023 4167 hoc
1038 4097 1193 4194 exemplo
1208 4099 1369 4171 suadere:

243 4220 407 4312 Princeps
425 4215 460 4283 in
487 4210 630 4282 familias
660 4226 694 4282 et
723 4215 757 4282 in
781 4214 946 4308 privatam
967 4214 1234 4310 uniuscujusque
1251 4214 1371 4310 agendi

245 4337 410 4409 rationem
424 4333 480 4427 jus
499 4327 607 4400 habet
621 4355 661 4401 eo
677 4355 789 4416 sensu,
806 4331 897 4427 quod
917 4333 1025 4428 possit
1042 4331 1181 4426 vigilare
1201 4347 1234 4402 et
1253 4357 1371 4427 praeca·

244 4475 332 4524 vere.
351 4475 394 4521 ne
414 4448 542 4546 privata
562 4447 827 4542 uniuscujusque
855 4445 1127 4543 familiaeagendi
1155 4448 1242 4518 ratio
1264 4471 1369 4518 nocu·
1456 4495 1457 4524 .
