3004 5070
490 409 537 452 mr
561 408 647 462 snae
672 409 879 461 biertanico.
1173 382 1248 460 aas

174 539 225 611 Ex
246 535 398 630 quinque
421 533 600 627 promissis
620 533 910 626 propositionibus
938 533 1139 630 generaliter
1157 561 1249 612 ‚con-

125 649 261 720 cludere
280 648 373 735 lieet,
392 647 549 718 eeclesias
570 673 644 741 qnae
665 650 756 742 (cum
776 664 972 720 tenerentur
991 650 1197 725 hominium
1214 664 1249 721 et

122 763 254 834 missale
282 764 424 834 Piannnr
445 761 643 858 amplecti),
675 789 745 832 nnn
762 780 981 858 paruerunt,
1007 765 1120 836 adium
1148 764 1249 834 hodie

121 903 296 948 remanere
321 877 383 947 suh
401 876 611 971 obligatione
626 877 669 946 ad
684 878 894 951 breviarium
918 894 952 948 et
972 877 1104 951 nrissale
1121 883 1250 950 Ronm-

123 1019 206 1065 nurn
222 1007 411 1073 correctum
430 993 618 1087 migrandiy
631 993 693 1062 nisi
709 993 799 1064 sorte
810 992 979 1086 aliquibus
994 993 1088 1062 sedes
1103 996 1249 1085 Apono*

122 1107 188 1179 lios
202 1131 371 1202 expresse
385 1105 577 1194 indulserit,
600 1107 688 1176 utin
710 1123 881 1202 assumpta
901 1107 968 1178 alia
978 1106 1121 1202 liturgia
1137 1131 1248 1176 carm·

122 1237 237 1294 urant.
261 1227 449 1320 Expressa,
472 1223 628 1316 inermum
642 1225 720 1317 quia
734 1250 775 1298 en
797 1225 900 1294 taciti
912 1238 1044 1294 tanturn
1063 1245 1247 1292 consensus

122 1338 369 1432 suppositione,
388 1337 423 1408 id
441 1337 489 1408 eis
509 1363 577 1409 non
597 1337 698 1410 licere
718 1340 900 1432 probatam
917 1354 981 1415 ess.

64 1457 70 1470 ’
171 1455 287 1523 Nori.
306 1489 356 1511 *-
378 1455 480 1524 Circo
498 1451 648 1545 hymnos
665 1451 805 1524 Urbani
829 1457 924 1524 VIII
935 1451 1044 1545 jussu
1063 1465 1245 1521 correctos.

121 1605 171 1622 --
188 1572 276 1641 Cum
298 1569 472 1661 proesentis
496 1568 619 1660 capitis
647 1593 768 1661 scopus
795 1569 841 1640 sit
863 1581 902 1636 ut
926 1567 1169 1641 deterioretur
1189 1566 1247 1658 jus

121 1704 301 1755 commuue
322 1683 527 1755 hodiernam
541 1683 632 1752 circa
656 1683 861 1753 breviarium
876 1698 913 1752 et
932 1681 1064 1754 missale
1084 1681 1175 1776 apud
1193 1681 1245 1750 la·

121 1795 209 1867 tinas
234 1795 411 1881 ecelesias,
431 1797 530 1871 silere
558 1821 628 1868 uon
653 1797 815 1869 debemus
840 1799 1045 1892 hymnorum
1064 1797 1248 1868 correctio

121 1934 197 1990 nem
216 1911 259 1980 ab
279 1913 420 1985 Urbano
437 1916 519 1987 vul
539 1911 785 2006 prnrnnlgatam
806 1929 841 1982 et
861 1915 924 1984 sub
943 1928 1112 2007 pmcepto
1131 1913 1247 1990 observ

122 2027 276 2100 nondam.
315 2029 479 2100 Praefatus
509 2026 636 2100 scilieet
666 2029 821 2100 Pontifex
852 2030 888 2096 iu
918 2026 1011 2098 hulla
1032 2031 1116 2099 Cum
1147 2027 1246 2098 alins

122 2164 167 2235 27
193 2139 308 2233 aprilis
335 2140 425 2227 1643
456 2141 557 2234 (Bull.
582 2146 695 2230 Rom,
720 2156 747 2210 t.
772 2146 835 2227 Vl,
860 2155 954 2236 parte
978 2165 1026 2228 11,
1052 2167 1129 2236 pag.
1154 2141 1243 2236 280)

121 2256 237 2322 stricte
260 2255 501 2351 obligatoriam
516 2257 598 2326 facit
617 2257 819 2350 hymnorum
843 2257 948 2350 ipsius
962 2256 1057 2352 jussu
1076 2271 1245 2327 correcto·

122 2393 197 2435 rum
221 2369 399 2439 formulam
427 2397 434 2439 :
458 2374 547 2440 «De
572 2369 774 2464 Apostolicae
796 2372 969 2464 potestatis
994 2370 1243 2464 plenitudine...

120 2511 137 2545 a
157 2484 189 2550 in
211 2485 368 2554 omnibus
384 2500 417 2554 et
431 2485 571 2580 singulis
585 2483 874 2578 patriarchalibus,
895 2483 1152 2580 prirnatialihus,
1170 2510 1243 2554 me·

120 2625 138 2660 r
158 2598 384 2692 tropolitanis,
407 2599 668 2685 cathedralibus,
686 2599 883 2695 collegiatis,
899 2599 1163 2694 parochialibus,
1183 2622 1245 2669 rm·

118 2717 299 2808 «terisque
320 2731 390 2783 tarn
414 2715 630 2784 saeotrlaribns
649 2741 753 2808 qnam
779 2716 927 2808 cujusvis
948 2716 1115 2785 ordinis...
1134 2715 1243 2785 ccele-

120 2858 137 2893 a
153 2830 230 2918 siis,
272 2831 422 2924 proedicti
451 2831 609 2924 hymni...
646 2855 716 2898 non
751 2845 864 2898 autem
901 2829 1045 2924 amplius
1072 2831 1243 2923 antiqui...

119 2973 136 3008 <t
155 2947 337 3013 recitentur
362 2971 401 3014 ac
429 2945 689 3014 decantentur...
721 2946 934 3038 praecipimus
964 2958 998 3011 et
1029 2944 1241 3012 mandamus.

118 3058 314 3128 «volentes
336 3073 375 3128 ut
400 3074 607 3155 praeceptum
630 3073 785 3128 nostrum
814 3057 1007 3151 hujusmodi
1028 3059 1063 3124 in
1089 3057 1188 3127 Urbe
1210 3073 1243 3125 et

117 3200 135 3236 a
153 3173 225 3266 ejus
248 3174 401 3244 districtu
428 3175 514 3242 infra
532 3173 626 3258 duos,
641 3175 677 3242 in
703 3171 777 3244 aliis
794 3197 875 3242 vero
897 3169 978 3240 locis
1000 3173 1084 3241 eitra
1111 3185 1243 3240 ruentes

116 3315 135 3350 a
150 3287 238 3355 infra
267 3303 363 3377 octo,
391 3287 481 3358 ultra
505 3304 636 3358 montes
659 3303 771 3357 autem
797 3287 883 3356 infra
908 3287 1087 3355 duodecim
1109 3309 1243 3356 menses
1301 3349 1320 3360 ..

116 3429 134 3464 a
152 3403 335 3496 respective
375 3404 515 3472 omnino
552 3405 741 3472 executioni
782 3401 1052 3470 demandetur.»
1089 3403 1243 3495 injungit

117 3531 232 3610 postea
250 3517 442 3587 Ordinariis
465 3519 576 3588 dictas
599 3518 754 3590 Pontifex
774 3531 812 3584 ut
834 3519 948 3584 omnia
964 3517 1000 3583 in
1018 3541 1084 3584 suo
1102 3516 1241 3586 decreto

116 3646 277 3700 contenta
286 3623 289 3628 ’
290 3631 435 3725 foeinnt
448 3632 500 3702 ad
514 3657 666 3731 unguem
682 3629 929 3702 inviolabiliter
942 3629 1127 3700 observari.
1182 3673 1186 3680 ‚

142 3785 146 3793 ,
165 3745 255 3814 Illud
272 3743 404 3816 Urbani
418 3752 497 3818 vltl
510 3739 716 3843 praeceptum
734 3749 892 3816 iteratum
915 3735 964 3814 ese
982 3746 1017 3812 in
1039 3744 1133 3812 hulla
1155 3749 1242 3814 Com

114 3858 220 3946 olr'nr,
241 3887 284 3930 on
299 3859 416 3955 aprilis
433 3861 537 3950 1644,
551 3858 688 3956 quando
704 3877 873 3931 correctos
889 3861 1031 3954 hymnos
1047 3859 1147 3928 simul
1163 3885 1241 3929 cum

116 3967 234 4042 notato
250 3969 354 4044 corito
368 3977 634 4071 publicavit.·Ex
648 3979 746 4072 cujus
762 3977 889 4046 decreti
904 3991 1023 4043 tenore
1036 3991 1242 4071 praeceptum

115 4088 150 4156 in
164 4089 368 4182 hymnorum
384 4106 531 4180 tanturn,
551 4115 622 4167 non
645 4115 725 4160 vero
740 4093 839 4162 etium
853 4091 888 4158 in
901 4103 1023 4159 naritus
1037 4092 1145 4162 notati
1164 4091 1243 4160 fon·-

114 4224 221 4284 nram,
235 4205 355 4272 carlere
368 4207 514 4278 ridetur.

165 4317 225 4386 Illa
255 4343 335 4388 vero
360 4321 493 4390 Urbani
519 4325 596 4392 Vlll
627 4319 806 4416 dispositio
831 4345 902 4389 non
928 4321 1067 4414 attingit
1088 4319 1242 4390 ecclesias

115 4457 191 4526 quae
213 4437 389 4528 proprium
414 4435 631 4526 breviarium,
653 4437 808 4505 ducentis
833 4438 931 4505 annis
953 4435 1080 4505 bullam
1101 4437 1243 4508 Pianam
