2978 5076
515 406 557 453 nn
581 405 668 453 suan
691 403 897 454 ntrusoioo.
1196 383 1272 456 213·

194 565 212 602 α
232 533 299 606 sed
328 533 464 628 rogabis
491 533 603 629 primo
629 559 637 603 ε
664 557 706 602 an
733 533 777 602 sit
802 530 1098 628 modo'peocatum
1126 532 1268 604 mortale

140 653 318 722 «recitare
335 649 430 745 juxta
455 645 547 718 aliud
568 648 773 717 breviarium
801 673 903 743 quam
933 651 968 719 S.
1001 649 1051 718 Pii
1078 651 1112 718 V
1137 649 1195 718 ubi
1219 665 1275 720 est

141 797 157 833 ιι
177 781 371 861 receptum3
397 781 430 834 ct
445 764 533 834 idem
549 778 598 834 est
614 763 657 832 de
683 788 750 833 una
771 762 935 858 religione
951 765 979 832 si
1001 765 1158 835 recitaret
1172 765 1269 859 juxta

140 883 378 952 «breviarium
398 881 546 951 alterius.
569 909 587 946 n
608 879 744 976 (Citatis
764 878 961 949 auctoribus
980 880 1038 972 qui
1056 880 1270 951 contendunt

140 999 193 1069 bis
212 1012 273 1067 eut
290 1013 343 1066 ter
360 999 405 1066 ita
420 998 572 1086 recitare,
593 997 664 1064 non
692 993 848 1063 sufficere
866 991 908 1060 ad
933 991 1089 1080 mortale,
1103 995 1182 1087 quia
1205 994 1270 1064 sub

140 1127 347 1208 praeceptum
363 1111 454 1181 cadit
470 1110 622 1182 officium
637 1109 853 1195 canonicum,
872 1130 941 1175 non
954 1129 1036 1176 vero
1054 1107 1269 1180 accidentalis
1314 1198 1319 1209 Ι

140 1228 232 1298 iilius
251 1226 409 1323 qualitas,
433 1225 526 1296 iilam
547 1226 743 1319 opinionem
767 1224 814 1292 ita
832 1221 1012 1292 confutant
1022 1221 1268 1293 salmanticen-

141 1341 248 1439 sest)
925 1343 928 1350 ’
1148 1345 1150 1350 ’

193 1487 212 1522 α
240 1457 450 1528 Probabilius
486 1457 641 1526 ducimus
673 1457 958 1550 esse'pcecatum'
989 1453 1132 1524 mortale
1167 1454 1268 1524 talem

141 1603 158 1638 α
176 1573 401 1642 mutationem
442 1575 475 1642 in
507 1597 587 1643 casu
621 1585 758 1659 nostro,
785 1570 886 1638 etiam
916 1567 1017 1638 semel
1052 1583 1111 1640 aut
1144 1572 1268 1643 iterum

141 1719 158 1752 o
177 1687 313 1771 iactam,
336 1701 370 1756 et
399 1690 566 1782 probatur
590 1687 657 1756 hoe
676 1711 685 1754 ε
702 1700 775 1754 tum
803 1686 882 1779 quia
905 1688 939 1755 S.
965 1686 1045 1756 Pius
1066 1688 1150 1757 Vin
1178 1687 1270 1756 dicto
1307 1737 1311 1745 -

143 1829 161 1866 α
180 1816 276 1871 motu
310 1804 449 1899 proprio
480 1804 527 1872 sic
560 1802 642 1870 dicit
674 1823 683 1868 ε
717 1801 908 1872 statuemus
940 1825 1177 1900 quoscumque
1205 1804 1273 1899 qui

140 1945 158 1982 a
180 1919 345 1989 teneatur
376 1917 551 1989 adherat·
583 1925 790 2012 cononicus,
817 1923 929 1993 teneri
948 1919 999 1991 ad
1016 1917 1202 1992 ‹lt'certdum
1223 1943 1270 1987 ee

140 2036 379 2130 «praescripto
406 2034 518 2131 hujus
543 2033 719 2125 crustant,
753 2055 788 2108 et
810 2041 986 2108 neminem
1018 2061 1065 2106 ea·
1094 2035 1165 2122 hee,
1199 2036 1271 2104 nisi

141 2185 158 2220 α
175 2155 248 2226 hac
286 2155 363 2226 solo
398 2155 565 2251 formula
594 2160 803 2247 satisfacere
835 2183 953 2256 posse.
990 2157 1084 2248 Quid
1117 2153 1271 2224 clarius?

141 2271 398 2340 a'l'um'etium
425 2274 505 2368 quia
540 2275 632 2344 aliud
666 2276 871 2346 breviarium
901 2287 1023 2368 praeter
1051 2275 1267 2359 Romanum,

142 2384 336 2456 «absolute
364 2413 431 2457 non
453 2390 605 2460 continet
631 2391 782 2461 officium
804 2391 1019 2478 canonicum,
1040 2387 1098 2457 sed
1115 2381 1184 2482 ¹[tro
1205 2383 1270 2454 illis

141 2499 352 2572 «dumtaxat
384 2501 531 2572 ecclesiis
569 2529 645 2601 quae
686 2506 746 2576 itto
780 2497 960 2576 usae'sunt
990 2517 1069 2574 ante
1104 2502 1270 2571 ducentos
1369 2573 1378 2584 ,

142 2640 285 2686 «annos
309 2642 318 2685 ε
343 2641 425 2714 ergo
461 2632 595 2688 tenetur
629 2623 753 2692 iterum
789 2623 950 2717 recitare,
994 2619 1086 2690 unde
1124 2616 1270 2688 infertur

142 2757 159 2792 o
176 2755 247 2800 non
274 2755 346 2800 essa
376 2755 493 2801 verum
515 2734 607 2829 quod
632 2734 738 2831 aliqui
759 2735 889 2823 dicunt,
904 2735 996 2831 quod
1015 2736 1074 2830 qui
1101 2759 1170 2804 non
1203 2731 1268 2803 ha·

142 2847 271 2918 aberet
309 2847 514 2918 breviarium
551 2852 753 2947 proprium,
799 2853 937 2923 haberet
978 2868 1089 2922 tamen
1122 2850 1268 2922 alienum

141 2987 191 3032 aa
210 2967 378 3053 Romano,
406 2978 578 3035 teneretur
599 2967 700 3061 Juxta
722 2965 805 3037 ittud
839 2969 1003 3052 recitare3
1032 2967 1111 3060 quia
1135 2967 1190 3035 hic
1212 2966 1269 3036 ds·

140 3105 158 3141 a
178 3091 236 3146 tur
255 3077 380 3172 duplex
400 3095 616 3176 praeceptum,
638 3097 673 3153 et
695 3083 737 3152 de
754 3081 953 3152 recitatione
985 3096 1018 3152 et
1043 3081 1086 3149 de
1108 3083 1172 3150 hac
1199 3080 1271 3150 for·

141 3192 284 3282 amula,
306 3196 364 3288 qui
396 3221 465 3264 nou
496 3213 606 3293 potest
631 3199 779 3295 primum
802 3198 986 3294 adimplere
1003 3251 1012 3286 ,
1029 3214 1202 3268 teneretur
1227 3197 1270 3268 ad

140 3341 157 3376 o
176 3311 375 3382 secundum.
404 3317 479 3385 Hoc
499 3341 580 3384 vero
604 3343 672 3388 nou
692 3317 901 3386 admittimus
924 3343 931 3384 :
959 3331 1030 3384 tum
1053 3315 1132 3409 quia
1154 3316 1186 3383 in
1209 3315 1268 3384 tati

140 3454 157 3489 «
178 3426 346 3496 breviario
372 3444 526 3523 respectu
547 3431 642 3501 istius
660 3457 728 3502 non
749 3417 850 3500 datur
871 3430 1019 3498 officium
1045 3430 1268 3516 canonicum

141 3571 157 3606 α
179 3556 251 3611 tum
276 3543 376 3612 etiam
395 3547 475 3640 quia
498 3550 530 3616 S.
553 3549 630 3617 Pius
652 3549 684 3618 V
706 3549 740 3617 in
763 3545 914 3642 allegatis
933 3545 1043 3616 verbis
1057 3546 1186 3634 asserit,
1207 3569 1268 3614 ne·

140 3687 157 3722 o
177 3658 303 3727 minem
327 3683 367 3728 ex
390 3657 442 3730 his
465 3663 523 3754 qui
546 3663 643 3756 juxta
667 3664 874 3734 breviarium
895 3665 1085 3731 Romanum
1109 3675 1270 3730 tenentur

138 3801 154 3836 o
174 3774 326 3861 recitare,
343 3774 417 3843 irari
432 3773 504 3845 lanc
516 3777 732 3871 solnfhrma
747 3776 955 3874 satisfacere
965 3799 1088 3872 posse.
1100 3777 1188 3843 Tum
1208 3773 1269 3841 dc·

140 3915 156 3951 a
175 3889 278 3982 nique
292 3891 372 3982 quia
390 3913 496 3960 unum
515 3906 547 3961 ct
565 3891 766 3963 indivisibile
784 3907 916 3962 tantum
941 3905 1144 3987 praeceptum
1170 3889 1270 3960 datur

140 4001 218 4070 «de
246 4003 447 4074 recitatione
474 4021 507 4076 ct
530 4007 572 4077 de
592 4009 788 4078 recitatione
812 4008 875 4076 sub
899 4006 960 4076 ista
987 4006 1106 4075 forma.
1128 3991 1219 4076 diias
1240 4004 1267 4074 si

140 4145 158 4180 a
176 4116 303 4214 duplex
318 4135 402 4189 esset
420 4138 638 4218 praeceptum,
657 4123 779 4219 duplex
798 4121 1022 4192 committeret
1037 4135 1213 4215 peccatum
1231 4119 1267 4188 in

140 4234 387 4305 «confessione
413 4239 669 4334 exprimendum
689 4240 748 4334 qui
776 4239 932 4308 divinum
956 4235 1106 4306 officium
1126 4237 1267 4304 omitte·

140 4377 158 4412 α
177 4363 240 4441 ret,
274 4351 366 4446 quod
389 4377 457 4421 non
482 4353 600 4424 dicunt
615 4355 764 4450 praedicti
786 4369 941 4424 auctores
963 4377 972 4422 t
995 4377 1076 4446 ergo
1108 4353 1165 4444 qui
1196 4375 1265 4420 non

141 4480 290 4559 «potest
318 4483 522 4566 praeceptum
553 4471 690 4567 implere
720 4469 783 4541 sub
814 4469 871 4540 itta
899 4467 1019 4558 forma,
1046 4468 1089 4538 ab
1118 4491 1157 4538 eo
1180 4465 1266 4536 liber
