<?xml version="1.0" encoding="UTF-8"?>
<!DOCTYPE html PUBLIC "-//W3C//DTD XHTML 1.0 Transitional//EN"
    "http://www.w3.org/TR/xhtml1/DTD/xhtml1-transitional.dtd">
<html xmlns="http://www.w3.org/1999/xhtml" xml:lang="en" lang="en">
 <head>
  <title>
</title>
<meta http-equiv="Content-Type" content="text/html;charset=utf-8" />
  <meta name='ocr-system' content='tesseract 3.04.00' />
  <meta name='ocr-capabilities' content='ocr_page ocr_carea ocr_par ocr_line ocrx_word'/>
</head>
<body>
  <div class='ocr_page' id='page_1' title='image "./tractatusdejure00bouigoog_0290.png"; bbox 0 0 3004 5070; ppageno 0'>
   <div class='ocr_carea' id='block_1_1' title="bbox 520 409 1278 488">
    <p class='ocr_par' dir='ltr' id='par_1_1' title="bbox 520 409 1278 488">
     <span class='ocr_line' id='line_1_1' title="bbox 520 409 1278 488; baseline 0 -30"><span class='ocrx_word' id='word_1_1' title='bbox 520 412 568 458; x_wconf 76' lang='grc' dir='ltr'>ΒΕ</span> <span class='ocrx_word' id='word_1_2' title='bbox 589 413 681 458; x_wconf 74' lang='lat' dir='ltr'>tutta</span> <span class='ocrx_word' id='word_1_3' title='bbox 700 411 908 460; x_wconf 79' lang='lat' dir='ltr'>ttruttctc0.</span> <span class='ocrx_word' id='word_1_4' title='bbox 1206 409 1278 488; x_wconf 70' lang='lat'>277</span> 
     </span>
    </p>
   </div>
   <div class='ocr_carea' id='block_1_2' title="bbox 141 533 1278 4537">
    <p class='ocr_par' dir='ltr' id='par_1_2' title="bbox 149 533 1278 1208">
     <span class='ocr_line' id='line_1_2' title="bbox 156 533 1278 634; baseline 0 -24"><span class='ocrx_word' id='word_1_5' title='bbox 156 565 224 610; x_wconf 88' lang='lat' dir='ltr'>uon</span> <span class='ocrx_word' id='word_1_6' title='bbox 240 537 540 633; x_wconf 77' lang='lat' dir='ltr'>invocotanquam</span> <span class='ocrx_word' id='word_1_7' title='bbox 561 540 628 608; x_wconf 88' lang='lat' dir='ltr'>rim</span> <span class='ocrx_word' id='word_1_8' title='bbox 649 538 732 634; x_wconf 79' lang='lat' dir='ltr'>legis</span> <span class='ocrx_word' id='word_1_9' title='bbox 746 539 921 626; x_wconf 86' lang='lat' dir='ltr'>habentes,</span> <span class='ocrx_word' id='word_1_10' title='bbox 937 537 993 608; x_wconf 88' lang='lat' dir='ltr'>sed</span> <span class='ocrx_word' id='word_1_11' title='bbox 1007 533 1189 608; x_wconf 73' lang='lat' dir='ltr'>&#39;dumtaxat</span> <span class='ocrx_word' id='word_1_12' title='bbox 1205 555 1278 610; x_wconf 83' lang='lat' dir='ltr'>tan·</span> 
     </span>
     <span class='ocr_line' id='line_1_3' title="bbox 154 651 1277 750; baseline 0.002 -28"><span class='ocrx_word' id='word_1_13' title='bbox 154 679 257 748; x_wconf 90' lang='lat' dir='ltr'>quam</span> <span class='ocrx_word' id='word_1_14' title='bbox 278 655 507 723; x_wconf 89' lang='lat' dir='ltr'>testimonium</span> <span class='ocrx_word' id='word_1_15' title='bbox 526 652 633 750; x_wconf 86' lang='lat' dir='ltr'>legale</span> <span class='ocrx_word' id='word_1_16' title='bbox 651 654 693 723; x_wconf 90' lang='lat' dir='ltr'>de</span> <span class='ocrx_word' id='word_1_17' title='bbox 716 651 1049 747; x_wconf 84' lang='lat' dir='ltr'>mente-legislatoris.</span> <span class='ocrx_word' id='word_1_18' title='bbox 1071 653 1162 722; x_wconf 89' lang='lat' dir='ltr'>Dum</span> <span class='ocrx_word' id='word_1_19' title='bbox 1180 658 1277 725; x_wconf 89' lang='lat' dir='ltr'>Con·-</span> 
     </span>
     <span class='ocr_line' id='line_1_4' title="bbox 153 767 1277 866; baseline 0 -28"><span class='ocrx_word' id='word_1_20' title='bbox 153 769 306 866; x_wconf 87' lang='lat' dir='ltr'>gregatio</span> <span class='ocrx_word' id='word_1_21' title='bbox 327 767 476 840; x_wconf 80' lang='lat' dir='ltr'>declarat</span> <span class='ocrx_word' id='word_1_22' title='bbox 498 795 568 840; x_wconf 89' lang='lat' dir='ltr'>nou</span> <span class='ocrx_word' id='word_1_23' title='bbox 586 769 694 839; x_wconf 90' lang='lat' dir='ltr'>valere</span> <span class='ocrx_word' id='word_1_24' title='bbox 716 769 993 838; x_wconf 69' lang='lat' dir='ltr'><strong>consuetudinem</strong></span> <span class='ocrx_word' id='word_1_25' title='bbox 1009 784 1125 838; x_wconf 80' lang='lat' dir='ltr'>contra</span> <span class='ocrx_word' id='word_1_26' title='bbox 1151 769 1277 866; x_wconf 84' lang='lat' dir='ltr'>legem,</span> 
     </span>
     <span class='ocr_line' id='line_1_5' title="bbox 153 884 1275 980; baseline 0.002 -26"><span class='ocrx_word' id='word_1_27' title='bbox 153 886 218 956; x_wconf 83' lang='lat' dir='ltr'>lroc</span> <span class='ocrx_word' id='word_1_28' title='bbox 242 887 314 980; x_wconf 90' lang='lat' dir='ltr'>ipso</span> <span class='ocrx_word' id='word_1_29' title='bbox 336 884 497 979; x_wconf 79' lang='lat' dir='ltr'>implicite</span> <span class='ocrx_word' id='word_1_30' title='bbox 516 885 663 955; x_wconf 86' lang='lat' dir='ltr'>declarat</span> <span class='ocrx_word' id='word_1_31' title='bbox 684 891 809 979; x_wconf 81' lang='lat' dir='ltr'>Papam</span> <span class='ocrx_word' id='word_1_32' title='bbox 840 885 921 952; x_wconf 88' lang='lat' dir='ltr'>huic</span> <span class='ocrx_word' id='word_1_33' title='bbox 949 885 1185 955; x_wconf 84' lang='lat' dir='ltr'>consuetudini</span> <span class='ocrx_word' id='word_1_34' title='bbox 1208 911 1275 956; x_wconf 88' lang='lat' dir='ltr'>non</span> 
     </span>
     <span class='ocr_line' id='line_1_6' title="bbox 152 998 1276 1096; baseline 0 -25"><span class='ocrx_word' id='word_1_35' title='bbox 152 1000 361 1088; x_wconf 89' lang='lat' dir='ltr'>consentire;</span> <span class='ocrx_word' id='word_1_36' title='bbox 385 1015 419 1070; x_wconf 90' lang='lat' dir='ltr'>et</span> <span class='ocrx_word' id='word_1_37' title='bbox 438 1001 518 1070; x_wconf 89' lang='lat' dir='ltr'>dum</span> <span class='ocrx_word' id='word_1_38' title='bbox 539 1001 605 1070; x_wconf 88' lang='lat' dir='ltr'>hoc</span> <span class='ocrx_word' id='word_1_39' title='bbox 625 1015 834 1096; x_wconf 89' lang='lat' dir='ltr'>postremum</span> <span class='ocrx_word' id='word_1_40' title='bbox 855 998 1020 1082; x_wconf 73' lang='lat' dir='ltr'>declarat,</span> <span class='ocrx_word' id='word_1_41' title='bbox 1035 1001 1106 1095; x_wconf 87' lang='lat' dir='ltr'>jam</span> <span class='ocrx_word' id='word_1_42' title='bbox 1128 1000 1276 1096; x_wconf 84' lang='lat' dir='ltr'>legitime</span> 
     </span>
     <span class='ocr_line' id='line_1_7' title="bbox 149 1113 1105 1208; baseline 0 -26"><span class='ocrx_word' id='word_1_43' title='bbox 149 1115 308 1208; x_wconf 74' lang='lat' dir='ltr'>praesumi</span> <span class='ocrx_word' id='word_1_44' title='bbox 323 1116 441 1207; x_wconf 88' lang='lat' dir='ltr'>nequit</span> <span class='ocrx_word' id='word_1_45' title='bbox 455 1139 550 1183; x_wconf 84' lang='lat' dir='ltr'>mens</span> <span class='ocrx_word' id='word_1_46' title='bbox 560 1115 730 1186; x_wconf 86' lang='lat' dir='ltr'>contraria</span> <span class='ocrx_word' id='word_1_47' title='bbox 749 1113 784 1182; x_wconf 91' lang='lat' dir='ltr'>in</span> <span class='ocrx_word' id='word_1_48' title='bbox 798 1113 916 1182; x_wconf 86' lang='lat' dir='ltr'>silente</span> <span class='ocrx_word' id='word_1_49' title='bbox 933 1113 1105 1184; x_wconf 86' lang='lat' dir='ltr'>Pontifice.</span> 
     </span>
    </p>

    <p class='ocr_par' dir='ltr' id='par_1_3' title="bbox 141 1227 1276 4421">
     <span class='ocr_line' id='line_1_8' title="bbox 199 1227 1272 1322; baseline -0.002 -22"><span class='ocrx_word' id='word_1_50' title='bbox 199 1232 320 1322; x_wconf 84' lang='lat' dir='ltr'>Neque</span> <span class='ocrx_word' id='word_1_51' title='bbox 343 1229 444 1297; x_wconf 84' lang='lat' dir='ltr'>etiam</span> <span class='ocrx_word' id='word_1_52' title='bbox 468 1227 607 1321; x_wconf 88' lang='lat' dir='ltr'>objicias</span> <span class='ocrx_word' id='word_1_53' title='bbox 630 1229 733 1297; x_wconf 87' lang='lat' dir='ltr'>breve</span> <span class='ocrx_word' id='word_1_54' title='bbox 751 1227 908 1322; x_wconf 76' lang='lat' dir='ltr'>Gregorii</span> <span class='ocrx_word' id='word_1_55' title='bbox 932 1231 1037 1314; x_wconf 84' lang='lat' dir='ltr'>xvl,</span> <span class='ocrx_word' id='word_1_56' title='bbox 1055 1229 1135 1295; x_wconf 90' lang='lat' dir='ltr'>anui</span> <span class='ocrx_word' id='word_1_57' title='bbox 1162 1229 1272 1316; x_wconf 14' lang='lat' dir='ltr'>sottus,</span> 
     </span>
     <span class='ocr_line' id='line_1_9' title="bbox 151 1341 1274 1436; baseline -0.001 -23"><span class='ocrx_word' id='word_1_58' title='bbox 151 1343 193 1413; x_wconf 91' lang='lat' dir='ltr'>ad</span> <span class='ocrx_word' id='word_1_59' title='bbox 213 1345 414 1412; x_wconf 87' lang='lat' dir='ltr'>Remensem</span> <span class='ocrx_word' id='word_1_60' title='bbox 432 1342 624 1430; x_wconf 84' lang='lat' dir='ltr'>Praesulem,</span> <span class='ocrx_word' id='word_1_61' title='bbox 640 1343 736 1436; x_wconf 84' lang='lat' dir='ltr'>quasi</span> <span class='ocrx_word' id='word_1_62' title='bbox 751 1341 928 1411; x_wconf 78' lang='lat' dir='ltr'>evidenter</span> <span class='ocrx_word' id='word_1_63' title='bbox 941 1341 1118 1435; x_wconf 80' lang='lat' dir='ltr'>exprimat,</span> <span class='ocrx_word' id='word_1_64' title='bbox 1131 1357 1189 1412; x_wconf 90' lang='lat' dir='ltr'>aut</span> <span class='ocrx_word' id='word_1_65' title='bbox 1208 1341 1274 1412; x_wconf 88' lang='lat' dir='ltr'>sal·</span> 
     </span>
     <span class='ocr_line' id='line_1_10' title="bbox 152 1455 1275 1552; baseline -0.001 -26"><span class='ocrx_word' id='word_1_66' title='bbox 152 1475 218 1527; x_wconf 89' lang='lat' dir='ltr'>tem</span> <span class='ocrx_word' id='word_1_67' title='bbox 239 1473 428 1552; x_wconf 83' lang='lat' dir='ltr'>supponat,</span> <span class='ocrx_word' id='word_1_68' title='bbox 450 1481 510 1552; x_wconf 92' lang='lat' dir='ltr'>per</span> <span class='ocrx_word' id='word_1_69' title='bbox 524 1459 690 1527; x_wconf 86' lang='lat' dir='ltr'>breviaria</span> <span class='ocrx_word' id='word_1_70' title='bbox 705 1455 821 1528; x_wconf 87' lang='lat' dir='ltr'>Galliae</span> <span class='ocrx_word' id='word_1_71' title='bbox 833 1456 938 1526; x_wconf 88' lang='lat' dir='ltr'>Piano</span> <span class='ocrx_word' id='word_1_72' title='bbox 955 1457 1091 1526; x_wconf 89' lang='lat' dir='ltr'>decreto</span> <span class='ocrx_word' id='word_1_73' title='bbox 1107 1457 1275 1526; x_wconf 89' lang='lat' dir='ltr'>contraria</span> 
     </span>
     <span class='ocr_line' id='line_1_11' title="bbox 151 1567 1275 1668; baseline -0.003 -26"><span class='ocrx_word' id='word_1_74' title='bbox 151 1573 350 1668; x_wconf 86' lang='lat' dir='ltr'>obligationi</span> <span class='ocrx_word' id='word_1_75' title='bbox 372 1567 533 1642; x_wconf 84' lang='lat' dir='ltr'>horarum</span> <span class='ocrx_word' id='word_1_76' title='bbox 554 1573 793 1642; x_wconf 86' lang='lat' dir='ltr'>canonicarum</span> <span class='ocrx_word' id='word_1_77' title='bbox 816 1571 982 1656; x_wconf 82' lang='lat' dir='ltr'>satisfieri,</span> <span class='ocrx_word' id='word_1_78' title='bbox 1002 1595 1042 1640; x_wconf 86' lang='lat' dir='ltr'>ac</span> <span class='ocrx_word' id='word_1_79' title='bbox 1058 1571 1202 1666; x_wconf 81' lang='lat' dir='ltr'>proinde</span> <span class='ocrx_word' id='word_1_80' title='bbox 1223 1571 1275 1640; x_wconf 86' lang='lat' dir='ltr'>di-</span> 
     </span>
     <span class='ocr_line' id='line_1_12' title="bbox 150 1670 1276 1782; baseline 0.002 -28"><span class='ocrx_word' id='word_1_81' title='bbox 150 1702 241 1755; x_wconf 88' lang='lat' dir='ltr'>ctum</span> <span class='ocrx_word' id='word_1_82' title='bbox 263 1687 433 1756; x_wconf 83' lang='lat' dir='ltr'>decretum</span> <span class='ocrx_word' id='word_1_83' title='bbox 448 1688 590 1756; x_wconf 80' lang='lat' dir='ltr'>Planum</span> <span class='ocrx_word' id='word_1_84' title='bbox 608 1689 643 1756; x_wconf 91' lang='lat' dir='ltr'>in</span> <span class='ocrx_word' id='word_1_85' title='bbox 658 1685 715 1756; x_wconf 91' lang='lat' dir='ltr'>illa</span> <span class='ocrx_word' id='word_1_86' title='bbox 733 1670 873 1782; x_wconf 83' lang='lat' dir='ltr'>regione</span> <span class='ocrx_word' id='word_1_87' title='bbox 892 1709 964 1756; x_wconf 83' lang='lat' dir='ltr'>nou</span> <span class='ocrx_word' id='word_1_88' title='bbox 974 1687 1220 1782; x_wconf 77' lang='lat' dir='ltr'>permansisse</span> <span class='ocrx_word' id='word_1_89' title='bbox 1238 1688 1276 1757; x_wconf 86' lang='lat' dir='ltr'>iu</span> 
     </span>
     <span class='ocr_line' id='line_1_13' title="bbox 149 1794 1273 1896; baseline -0.001 -27"><span class='ocrx_word' id='word_1_90' title='bbox 149 1799 362 1871; x_wconf 73' lang='lat' dir='ltr'>roboresuu</span> <span class='ocrx_word' id='word_1_91' title='bbox 379 1805 484 1883; x_wconf 85' lang='lat' dir='ltr'>Breve</span> <span class='ocrx_word' id='word_1_92' title='bbox 499 1798 582 1870; x_wconf 90' lang='lat' dir='ltr'>illud</span> <span class='ocrx_word' id='word_1_93' title='bbox 598 1801 662 1896; x_wconf 88' lang='lat' dir='ltr'>legi</span> <span class='ocrx_word' id='word_1_94' title='bbox 679 1817 713 1872; x_wconf 86' lang='lat' dir='ltr'>et</span> <span class='ocrx_word' id='word_1_95' title='bbox 730 1799 845 1896; x_wconf 88' lang='lat' dir='ltr'>relegi,</span> <span class='ocrx_word' id='word_1_96' title='bbox 862 1814 897 1869; x_wconf 89' lang='lat' dir='ltr'>et</span> <span class='ocrx_word' id='word_1_97' title='bbox 918 1794 962 1868; x_wconf 86' lang='lat' dir='ltr'>ne</span> <span class='ocrx_word' id='word_1_98' title='bbox 984 1801 1123 1868; x_wconf 87' lang='lat' dir='ltr'>verbum</span> <span class='ocrx_word' id='word_1_99' title='bbox 1138 1801 1273 1893; x_wconf 89' lang='lat' dir='ltr'>quidem</span> 
     </span>
     <span class='ocr_line' id='line_1_14' title="bbox 149 1914 1274 2010; baseline 0.002 -28"><span class='ocrx_word' id='word_1_100' title='bbox 149 1915 301 1984; x_wconf 86' lang='lat' dir='ltr'>invenire</span> <span class='ocrx_word' id='word_1_101' title='bbox 315 1917 424 2009; x_wconf 89' lang='lat' dir='ltr'>potui,</span> <span class='ocrx_word' id='word_1_102' title='bbox 445 1941 485 1986; x_wconf 84' lang='lat' dir='ltr'>ex</span> <span class='ocrx_word' id='word_1_103' title='bbox 504 1942 573 2010; x_wconf 92' lang='lat' dir='ltr'>quo</span> <span class='ocrx_word' id='word_1_104' title='bbox 584 1916 618 1984; x_wconf 92' lang='lat' dir='ltr'>id</span> <span class='ocrx_word' id='word_1_105' title='bbox 629 1914 788 1986; x_wconf 84' lang='lat' dir='ltr'>concludi</span> <span class='ocrx_word' id='word_1_106' title='bbox 800 1917 916 2010; x_wconf 81' lang='lat' dir='ltr'>possit.</span> <span class='ocrx_word' id='word_1_107' title='bbox 933 1914 1064 1988; x_wconf 89' lang='lat' dir='ltr'>Nullibi</span> <span class='ocrx_word' id='word_1_108' title='bbox 1085 1915 1167 1985; x_wconf 91' lang='lat' dir='ltr'>dicit</span> <span class='ocrx_word' id='word_1_109' title='bbox 1183 1921 1274 1986; x_wconf 83' lang='lat' dir='ltr'>Pon-</span> 
     </span>
     <span class='ocr_line' id='line_1_15' title="bbox 149 2029 1275 2117; baseline 0.001 -19"><span class='ocrx_word' id='word_1_110' title='bbox 149 2029 231 2099; x_wconf 85' lang='lat' dir='ltr'>tifex</span> <span class='ocrx_word' id='word_1_111' title='bbox 254 2029 380 2098; x_wconf 88' lang='lat' dir='ltr'>bullam</span> <span class='ocrx_word' id='word_1_112' title='bbox 406 2031 545 2101; x_wconf 88' lang='lat' dir='ltr'>Pianam</span> <span class='ocrx_word' id='word_1_113' title='bbox 570 2031 604 2099; x_wconf 91' lang='lat' dir='ltr'>in</span> <span class='ocrx_word' id='word_1_114' title='bbox 622 2029 731 2102; x_wconf 87' lang='lat' dir='ltr'>Gallia</span> <span class='ocrx_word' id='word_1_115' title='bbox 754 2032 823 2098; x_wconf 90' lang='lat' dir='ltr'>vim</span> <span class='ocrx_word' id='word_1_116' title='bbox 841 2055 910 2099; x_wconf 91' lang='lat' dir='ltr'>non</span> <span class='ocrx_word' id='word_1_117' title='bbox 937 2030 1087 2117; x_wconf 88' lang='lat' dir='ltr'>habere;</span> <span class='ocrx_word' id='word_1_118' title='bbox 1111 2031 1168 2098; x_wconf 88' lang='lat' dir='ltr'>sed</span> <span class='ocrx_word' id='word_1_119' title='bbox 1194 2030 1275 2100; x_wconf 82' lang='lat' dir='ltr'>dicit</span> 
     </span>
     <span class='ocr_line' id='line_1_16' title="bbox 150 2143 1273 2239; baseline 0.002 -27"><span class='ocrx_word' id='word_1_120' title='bbox 150 2158 280 2213; x_wconf 88' lang='lat' dir='ltr'>tantum</span> <span class='ocrx_word' id='word_1_121' title='bbox 298 2169 429 2214; x_wconf 87' lang='lat' dir='ltr'>secam</span> <span class='ocrx_word' id='word_1_122' title='bbox 456 2145 489 2213; x_wconf 91' lang='lat' dir='ltr'>in</span> <span class='ocrx_word' id='word_1_123' title='bbox 514 2169 660 2239; x_wconf 80' lang='lat' dir='ltr'>praesens</span> <span class='ocrx_word' id='word_1_124' title='bbox 686 2143 821 2239; x_wconf 82' lang='lat' dir='ltr'>plenius</span> <span class='ocrx_word' id='word_1_125' title='bbox 847 2167 968 2238; x_wconf 88' lang='lat' dir='ltr'>urgere</span> <span class='ocrx_word' id='word_1_126' title='bbox 988 2143 1093 2232; x_wconf 88' lang='lat' dir='ltr'>nolle,</span> <span class='ocrx_word' id='word_1_127' title='bbox 1117 2169 1157 2212; x_wconf 89' lang='lat' dir='ltr'>eo</span> <span class='ocrx_word' id='word_1_128' title='bbox 1181 2145 1273 2238; x_wconf 89' lang='lat' dir='ltr'>quod</span> 
     </span>
     <span class='ocr_line' id='line_1_17' title="bbox 148 2256 1275 2356; baseline 0.002 -30"><span class='ocrx_word' id='word_1_129' title='bbox 148 2259 305 2352; x_wconf 84' lang='lat' dir='ltr'>graviora</span> <span class='ocrx_word' id='word_1_130' title='bbox 328 2258 465 2329; x_wconf 84' lang='lat' dir='ltr'>dissidia</span> <span class='ocrx_word' id='word_1_131' title='bbox 491 2259 710 2330; x_wconf 76' lang='lat' dir='ltr'>reformidet:</span> <span class='ocrx_word' id='word_1_132' title='bbox 731 2274 841 2356; x_wconf 85' lang='lat' dir='ltr'>atque</span> <span class='ocrx_word' id='word_1_133' title='bbox 861 2257 947 2328; x_wconf 73' lang='lat' dir='ltr'>iiiuc</span> <span class='ocrx_word' id='word_1_134' title='bbox 969 2256 1088 2343; x_wconf 72' lang='lat' dir='ltr'>nobes,</span> <span class='ocrx_word' id='word_1_135' title='bbox 1107 2260 1275 2356; x_wconf 82' lang='lat' dir='ltr'>grauiora</span> 
     </span>
     <span class='ocr_line' id='line_1_18' title="bbox 148 2371 1275 2469; baseline 0.003 -28"><span class='ocrx_word' id='word_1_136' title='bbox 148 2371 230 2442; x_wconf 72' lang='lat' dir='ltr'>rude</span> <span class='ocrx_word' id='word_1_137' title='bbox 252 2371 404 2444; x_wconf 73' lang='lat' dir='ltr'>dissidia</span> <span class='ocrx_word' id='word_1_138' title='bbox 427 2373 758 2469; x_wconf 82' lang='lat' dir='ltr'>reformidantibus,</span> <span class='ocrx_word' id='word_1_139' title='bbox 787 2371 1036 2444; x_wconf 77' lang='lat' dir='ltr'>abstinendum</span> <span class='ocrx_word' id='word_1_140' title='bbox 1060 2375 1275 2469; x_wconf 63' lang='lat' dir='ltr'>represseris</span> 
     </span>
     <span class='ocr_line' id='line_1_19' title="bbox 146 2485 1273 2587; baseline 0.003 -32"><span class='ocrx_word' id='word_1_141' title='bbox 146 2488 267 2556; x_wconf 83' lang='lat' dir='ltr'>visum</span> <span class='ocrx_word' id='word_1_142' title='bbox 280 2503 369 2558; x_wconf 84' lang='lat' dir='ltr'>est...</span> <span class='ocrx_word' id='word_1_143' title='bbox 389 2511 412 2557; x_wconf 84' lang='grc' dir='ltr'><em>α</em></span> <span class='ocrx_word' id='word_1_144' title='bbox 428 2515 466 2560; x_wconf 83' lang='lat' dir='ltr'>re</span> <span class='ocrx_word' id='word_1_145' title='bbox 473 2489 619 2585; x_wconf 81' lang='lat' dir='ltr'>plenius</span> <span class='ocrx_word' id='word_1_146' title='bbox 636 2488 806 2587; x_wconf 81' lang='lat' dir='ltr'>urgenda.</span> <span class='ocrx_word' id='word_1_147' title='bbox 825 2485 929 2557; x_wconf 84' lang='lat' dir='ltr'>Dolet</span> <span class='ocrx_word' id='word_1_148' title='bbox 946 2503 1108 2584; x_wconf 71' lang='lat' dir='ltr'>praeterea</span> <span class='ocrx_word' id='word_1_149' title='bbox 1126 2489 1168 2556; x_wconf 93' lang='lat' dir='ltr'>de</span> <span class='ocrx_word' id='word_1_150' title='bbox 1184 2503 1273 2558; x_wconf 91' lang='lat' dir='ltr'>statu</span> 
     </span>
     <span class='ocr_line' id='line_1_20' title="bbox 145 2600 1272 2700; baseline 0.004 -31"><span class='ocrx_word' id='word_1_151' title='bbox 145 2600 306 2697; x_wconf 86' lang='lat' dir='ltr'>liturgico</span> <span class='ocrx_word' id='word_1_152' title='bbox 319 2601 438 2672; x_wconf 85' lang='lat' dir='ltr'>Galliae</span> <span class='ocrx_word' id='word_1_153' title='bbox 451 2604 594 2674; x_wconf 90' lang='lat' dir='ltr'>decretis</span> <span class='ocrx_word' id='word_1_154' title='bbox 608 2601 790 2700; x_wconf 85' lang='lat' dir='ltr'>pontificiis</span> <span class='ocrx_word' id='word_1_155' title='bbox 802 2605 979 2698; x_wconf 87' lang='lat' dir='ltr'>opposit0;</span> <span class='ocrx_word' id='word_1_156' title='bbox 993 2603 1119 2673; x_wconf 86' lang='lat' dir='ltr'>fatetur</span> <span class='ocrx_word' id='word_1_157' title='bbox 1128 2603 1272 2673; x_wconf 89' lang='lat' dir='ltr'>arduum</span> 
     </span>
     <span class='ocr_line' id='line_1_21' title="bbox 145 2716 1272 2814; baseline 0.003 -30"><span class='ocrx_word' id='word_1_158' title='bbox 145 2739 220 2786; x_wconf 87' lang='lat' dir='ltr'>esse</span> <span class='ocrx_word' id='word_1_159' title='bbox 239 2716 374 2814; x_wconf 83' lang='lat' dir='ltr'>longam</span> <span class='ocrx_word' id='word_1_160' title='bbox 393 2717 483 2786; x_wconf 84' lang='lat' dir='ltr'>illum</span> <span class='ocrx_word' id='word_1_161' title='bbox 503 2719 783 2788; x_wconf 82' lang='lat' dir='ltr'>consuetudinem</span> <span class='ocrx_word' id='word_1_162' title='bbox 801 2717 945 2788; x_wconf 89' lang='lat' dir='ltr'>evellere</span> <span class='ocrx_word' id='word_1_163' title='bbox 961 2744 969 2787; x_wconf 80' lang='lat' dir='ltr'>t</span> <span class='ocrx_word' id='word_1_164' title='bbox 985 2733 1018 2787; x_wconf 90' lang='lat' dir='ltr'>at</span> <span class='ocrx_word' id='word_1_165' title='bbox 1037 2717 1153 2788; x_wconf 88' lang='lat' dir='ltr'>scdulo</span> <span class='ocrx_word' id='word_1_166' title='bbox 1169 2719 1272 2789; x_wconf 82' lang='lat' dir='ltr'>absti-</span> 
     </span>
     <span class='ocr_line' id='line_1_22' title="bbox 146 2829 1273 2929; baseline 0.002 -29"><span class='ocrx_word' id='word_1_167' title='bbox 146 2845 205 2900; x_wconf 90' lang='lat' dir='ltr'>uet</span> <span class='ocrx_word' id='word_1_168' title='bbox 230 2831 274 2900; x_wconf 91' lang='lat' dir='ltr'>ab</span> <span class='ocrx_word' id='word_1_169' title='bbox 300 2832 396 2901; x_wconf 88' lang='lat' dir='ltr'>omui</span> <span class='ocrx_word' id='word_1_170' title='bbox 421 2833 526 2902; x_wconf 83' lang='lat' dir='ltr'>verbo</span> <span class='ocrx_word' id='word_1_171' title='bbox 550 2829 623 2929; x_wconf 81' lang='lat' dir='ltr'>quo</span> <span class='ocrx_word' id='word_1_172' title='bbox 647 2835 850 2903; x_wconf 85' lang='lat' dir='ltr'>innueretur</span> <span class='ocrx_word' id='word_1_173' title='bbox 872 2833 1154 2902; x_wconf 80' lang='lat' dir='ltr'>cousuetudinem</span> <span class='ocrx_word' id='word_1_174' title='bbox 1182 2832 1273 2902; x_wconf 87' lang='lat' dir='ltr'>illam</span> 
     </span>
     <span class='ocr_line' id='line_1_23' title="bbox 145 2944 1273 3045; baseline 0.002 -31"><span class='ocrx_word' id='word_1_175' title='bbox 145 2960 262 3015; x_wconf 88' lang='lat' dir='ltr'>contra</span> <span class='ocrx_word' id='word_1_176' title='bbox 282 2944 388 3042; x_wconf 88' lang='lat' dir='ltr'>legem</span> <span class='ocrx_word' id='word_1_177' title='bbox 406 2945 560 3045; x_wconf 84' lang='lat' dir='ltr'>legitime</span> <span class='ocrx_word' id='word_1_178' title='bbox 573 2949 848 3044; x_wconf 72' lang='lat' dir='ltr'>praescripsisse.</span> <span class='ocrx_word' id='word_1_179' title='bbox 863 2947 965 3016; x_wconf 89' lang='lat' dir='ltr'>Unde</span> <span class='ocrx_word' id='word_1_180' title='bbox 983 2946 1017 3014; x_wconf 93' lang='lat' dir='ltr'>id</span> <span class='ocrx_word' id='word_1_181' title='bbox 1039 2961 1170 3014; x_wconf 88' lang='lat' dir='ltr'>tantum</span> <span class='ocrx_word' id='word_1_182' title='bbox 1190 2948 1273 3016; x_wconf 92' lang='lat' dir='ltr'>mihi</span> 
     </span>
     <span class='ocr_line' id='line_1_24' title="bbox 144 3057 1273 3156; baseline 0.004 -29"><span class='ocrx_word' id='word_1_183' title='bbox 144 3060 280 3130; x_wconf 83' lang='lat' dir='ltr'>ridetur</span> <span class='ocrx_word' id='word_1_184' title='bbox 305 3061 419 3156; x_wconf 87' lang='lat' dir='ltr'>(salvo</span> <span class='ocrx_word' id='word_1_185' title='bbox 444 3062 634 3132; x_wconf 90' lang='lat' dir='ltr'>doctiorum</span> <span class='ocrx_word' id='word_1_186' title='bbox 659 3061 811 3156; x_wconf 83' lang='lat' dir='ltr'>judicio)</span> <span class='ocrx_word' id='word_1_187' title='bbox 836 3085 875 3130; x_wconf 83' lang='lat' dir='ltr'>ex</span> <span class='ocrx_word' id='word_1_188' title='bbox 904 3057 970 3129; x_wconf 87' lang='lat' dir='ltr'>isto</span> <span class='ocrx_word' id='word_1_189' title='bbox 993 3061 1089 3130; x_wconf 89' lang='lat' dir='ltr'>brevi</span> <span class='ocrx_word' id='word_1_190' title='bbox 1117 3060 1273 3131; x_wconf 88' lang='lat' dir='ltr'>concludi</span> 
     </span>
     <span class='ocr_line' id='line_1_25' title="bbox 145 3156 1274 3272; baseline 0.002 -30"><span class='ocrx_word' id='word_1_191' title='bbox 145 3199 242 3267; x_wconf 87' lang='lat' dir='ltr'>posse</span> <span class='ocrx_word' id='word_1_192' title='bbox 257 3201 266 3244; x_wconf 74' lang='grc' dir='ltr'><em>τ</em></span> <span class='ocrx_word' id='word_1_193' title='bbox 281 3199 360 3244; x_wconf 92' lang='lat' dir='ltr'>cum</span> <span class='ocrx_word' id='word_1_194' title='bbox 382 3201 503 3272; x_wconf 87' lang='lat' dir='ltr'>nempe</span> <span class='ocrx_word' id='word_1_195' title='bbox 521 3174 622 3244; x_wconf 88' lang='lat' dir='ltr'>multi</span> <span class='ocrx_word' id='word_1_196' title='bbox 643 3175 677 3244; x_wconf 92' lang='lat' dir='ltr'>in</span> <span class='ocrx_word' id='word_1_197' title='bbox 699 3156 811 3244; x_wconf 89' lang='lat' dir='ltr'>Gallia</span> <span class='ocrx_word' id='word_1_198' title='bbox 832 3173 984 3272; x_wconf 86' lang='lat' dir='ltr'>liturgias</span> <span class='ocrx_word' id='word_1_199' title='bbox 1010 3176 1115 3246; x_wconf 82' lang='lat' dir='ltr'>Piauo</span> <span class='ocrx_word' id='word_1_200' title='bbox 1136 3175 1274 3246; x_wconf 88' lang='lat' dir='ltr'>decreto</span> 
     </span>
     <span class='ocr_line' id='line_1_26' title="bbox 145 3287 1275 3384; baseline -0.003 -22"><span class='ocrx_word' id='word_1_201' title='bbox 145 3289 331 3362; x_wconf 83' lang='lat' dir='ltr'>contrarias</span> <span class='ocrx_word' id='word_1_202' title='bbox 346 3315 407 3383; x_wconf 91' lang='lat' dir='ltr'>pro</span> <span class='ocrx_word' id='word_1_203' title='bbox 421 3288 580 3384; x_wconf 81' lang='lat' dir='ltr'>legitimis</span> <span class='ocrx_word' id='word_1_204' title='bbox 597 3290 685 3358; x_wconf 87' lang='lat' dir='ltr'>bona</span> <span class='ocrx_word' id='word_1_205' title='bbox 700 3288 769 3358; x_wconf 88' lang='lat' dir='ltr'>fide</span> <span class='ocrx_word' id='word_1_206' title='bbox 789 3287 949 3376; x_wconf 86' lang='lat' dir='ltr'>habeant,</span> <span class='ocrx_word' id='word_1_207' title='bbox 969 3287 1116 3358; x_wconf 88' lang='lat' dir='ltr'>noluisse</span> <span class='ocrx_word' id='word_1_208' title='bbox 1130 3289 1275 3359; x_wconf 81' lang='lat' dir='ltr'>Pontifi-</span> 
     </span>
     <span class='ocr_line' id='line_1_27' title="bbox 145 3403 1273 3500; baseline 0.001 -28"><span class='ocrx_word' id='word_1_209' title='bbox 145 3427 232 3492; x_wconf 86' lang='lat' dir='ltr'>cem,</span> <span class='ocrx_word' id='word_1_210' title='bbox 253 3429 295 3474; x_wconf 84' lang='lat' dir='ltr'>ex</span> <span class='ocrx_word' id='word_1_211' title='bbox 318 3404 511 3499; x_wconf 79' lang='lat' dir='ltr'>graviorum</span> <span class='ocrx_word' id='word_1_212' title='bbox 527 3405 744 3474; x_wconf 84' lang='lat' dir='ltr'>dissidiorum</span> <span class='ocrx_word' id='word_1_213' title='bbox 762 3419 869 3494; x_wconf 85' lang='lat' dir='ltr'>metu,</span> <span class='ocrx_word' id='word_1_214' title='bbox 887 3403 993 3500; x_wconf 87' lang='lat' dir='ltr'>legem</span> <span class='ocrx_word' id='word_1_215' title='bbox 1007 3405 1145 3472; x_wconf 86' lang='lat' dir='ltr'>Pianam</span> <span class='ocrx_word' id='word_1_216' title='bbox 1164 3429 1273 3498; x_wconf 86' lang='lat' dir='ltr'>perse</span> 
     </span>
     <span class='ocr_line' id='line_1_28' title="bbox 141 3517 1274 3618; baseline -0.001 -30"><span class='ocrx_word' id='word_1_217' title='bbox 141 3519 211 3611; x_wconf 84' lang='lat' dir='ltr'>jam</span> <span class='ocrx_word' id='word_1_218' title='bbox 232 3533 407 3617; x_wconf 91' lang='lat' dir='ltr'>urgentem</span> <span class='ocrx_word' id='word_1_219' title='bbox 421 3520 565 3616; x_wconf 80' lang='lat' dir='ltr'>plenius</span> <span class='ocrx_word' id='word_1_220' title='bbox 590 3544 720 3618; x_wconf 83' lang='lat' dir='ltr'>urgere,</span> <span class='ocrx_word' id='word_1_221' title='bbox 739 3535 773 3589; x_wconf 90' lang='lat' dir='ltr'>et</span> <span class='ocrx_word' id='word_1_222' title='bbox 792 3517 948 3589; x_wconf 85' lang='lat' dir='ltr'>maluisse</span> <span class='ocrx_word' id='word_1_223' title='bbox 970 3545 1086 3588; x_wconf 83' lang='lat' dir='ltr'>omues</span> <span class='ocrx_word' id='word_1_224' title='bbox 1105 3545 1172 3588; x_wconf 84' lang='lat' dir='ltr'>suae</span> <span class='ocrx_word' id='word_1_225' title='bbox 1190 3543 1274 3588; x_wconf 81' lang='lat' dir='ltr'>cou-</span> 
     </span>
     <span class='ocr_line' id='line_1_29' title="bbox 144 3633 1268 3732; baseline 0.001 -30"><span class='ocrx_word' id='word_1_226' title='bbox 144 3635 292 3704; x_wconf 88' lang='lat' dir='ltr'>scientiae</span> <span class='ocrx_word' id='word_1_227' title='bbox 312 3651 348 3705; x_wconf 89' lang='lat' dir='ltr'>et</span> <span class='ocrx_word' id='word_1_228' title='bbox 376 3637 473 3704; x_wconf 76' lang='lat' dir='ltr'>bonae</span> <span class='ocrx_word' id='word_1_229' title='bbox 501 3635 579 3704; x_wconf 90' lang='lat' dir='ltr'>fidei</span> <span class='ocrx_word' id='word_1_230' title='bbox 607 3637 645 3705; x_wconf 84' lang='lat' dir='ltr'>iu</span> <span class='ocrx_word' id='word_1_231' title='bbox 667 3657 827 3732; x_wconf 75' lang='lat' dir='ltr'>praeseus</span> <span class='ocrx_word' id='word_1_232' title='bbox 853 3633 1054 3728; x_wconf 85' lang='lat' dir='ltr'>relinquere.</span> <span class='ocrx_word' id='word_1_233' title='bbox 1082 3637 1268 3728; x_wconf 76' lang='lat' dir='ltr'>Ceterum,</span> 
     </span>
     <span class='ocr_line' id='line_1_30' title="bbox 145 3750 1272 3845; baseline 0.003 -28"><span class='ocrx_word' id='word_1_234' title='bbox 145 3763 260 3818; x_wconf 88' lang='lat' dir='ltr'>utrum</span> <span class='ocrx_word' id='word_1_235' title='bbox 278 3752 383 3844; x_wconf 87' lang='lat' dir='ltr'>possit</span> <span class='ocrx_word' id='word_1_236' title='bbox 401 3753 561 3820; x_wconf 88' lang='lat' dir='ltr'>Summus</span> <span class='ocrx_word' id='word_1_237' title='bbox 571 3751 726 3820; x_wconf 85' lang='lat' dir='ltr'>Pontifex</span> <span class='ocrx_word' id='word_1_238' title='bbox 744 3777 804 3845; x_wconf 90' lang='lat' dir='ltr'>per</span> <span class='ocrx_word' id='word_1_239' title='bbox 817 3775 1004 3844; x_wconf 85' lang='lat' dir='ltr'>expressam</span> <span class='ocrx_word' id='word_1_240' title='bbox 1018 3750 1272 3844; x_wconf 88' lang='lat' dir='ltr'>dispositionem</span> 
     </span>
     <span class='ocr_line' id='line_1_31' title="bbox 145 3863 1273 3960; baseline -0.001 -27"><span class='ocrx_word' id='word_1_241' title='bbox 145 3865 355 3958; x_wconf 85' lang='lat' dir='ltr'>supradictas</span> <span class='ocrx_word' id='word_1_242' title='bbox 384 3863 539 3960; x_wconf 84' lang='lat' dir='ltr'>liturgias</span> <span class='ocrx_word' id='word_1_243' title='bbox 568 3865 693 3934; x_wconf 89' lang='lat' dir='ltr'>alicubi</span> <span class='ocrx_word' id='word_1_244' title='bbox 725 3864 892 3959; x_wconf 85' lang='lat' dir='ltr'>legitimas</span> <span class='ocrx_word' id='word_1_245' title='bbox 921 3865 1082 3952; x_wconf 89' lang='lat' dir='ltr'>reddere,</span> <span class='ocrx_word' id='word_1_246' title='bbox 1108 3879 1142 3932; x_wconf 89' lang='lat' dir='ltr'>et</span> <span class='ocrx_word' id='word_1_247' title='bbox 1167 3890 1209 3932; x_wconf 87' lang='lat' dir='ltr'>au</span> <span class='ocrx_word' id='word_1_248' title='bbox 1237 3864 1273 3934; x_wconf 91' lang='lat' dir='ltr'>id</span> 
     </span>
     <span class='ocr_line' id='line_1_32' title="bbox 144 3979 1273 4075; baseline 0.002 -27"><span class='ocrx_word' id='word_1_249' title='bbox 144 3979 257 4072; x_wconf 89' lang='lat' dir='ltr'>quoad</span> <span class='ocrx_word' id='word_1_250' title='bbox 270 3979 415 4051; x_wconf 87' lang='lat' dir='ltr'>Galliam</span> <span class='ocrx_word' id='word_1_251' title='bbox 438 3980 620 4075; x_wconf 86' lang='lat' dir='ltr'>aliquando</span> <span class='ocrx_word' id='word_1_252' title='bbox 645 3982 775 4069; x_wconf 84' lang='lat' dir='ltr'>feccrit,</span> <span class='ocrx_word' id='word_1_253' title='bbox 792 3995 886 4051; x_wconf 87' lang='lat' dir='ltr'>extra</span> <span class='ocrx_word' id='word_1_254' title='bbox 909 3981 1129 4075; x_wconf 71' lang='lat' dir='ltr'>quaestionem</span> <span class='ocrx_word' id='word_1_255' title='bbox 1148 3996 1217 4064; x_wconf 80' lang='lat' dir='ltr'>est,</span> <span class='ocrx_word' id='word_1_256' title='bbox 1239 3995 1273 4050; x_wconf 88' lang='lat' dir='ltr'>et</span> 
     </span>
     <span class='ocr_line' id='line_1_33' title="bbox 144 4092 1273 4191; baseline 0 -28"><span class='ocrx_word' id='word_1_257' title='bbox 144 4095 355 4188; x_wconf 76' lang='lat' dir='ltr'>expendetur</span> <span class='ocrx_word' id='word_1_258' title='bbox 383 4111 498 4191; x_wconf 85' lang='lat' dir='ltr'>postea</span> <span class='ocrx_word' id='word_1_259' title='bbox 529 4121 537 4165; x_wconf 75' lang='grc' dir='ltr'><em>τ</em></span> <span class='ocrx_word' id='word_1_260' title='bbox 566 4096 624 4166; x_wconf 83' lang='lat' dir='ltr'>lrie</span> <span class='ocrx_word' id='word_1_261' title='bbox 657 4111 790 4166; x_wconf 87' lang='lat' dir='ltr'>tantum</span> <span class='ocrx_word' id='word_1_262' title='bbox 830 4098 1034 4166; x_wconf 85' lang='lat' dir='ltr'>sustinemus</span> <span class='ocrx_word' id='word_1_263' title='bbox 1070 4096 1142 4165; x_wconf 88' lang='lat' dir='ltr'>solo</span> <span class='ocrx_word' id='word_1_264' title='bbox 1174 4092 1273 4165; x_wconf 90' lang='lat' dir='ltr'>titulo</span> 
     </span>
     <span class='ocr_line' id='line_1_34' title="bbox 144 4209 1270 4306; baseline -0.001 -28"><span class='ocrx_word' id='word_1_265' title='bbox 144 4211 346 4305; x_wconf 70' lang='lat' dir='ltr'>praescriptae</span> <span class='ocrx_word' id='word_1_266' title='bbox 364 4211 632 4299; x_wconf 83' lang='lat' dir='ltr'>consuetudinis,</span> <span class='ocrx_word' id='word_1_267' title='bbox 656 4209 901 4306; x_wconf 87' lang='lat' dir='ltr'>legitimitatem</span> <span class='ocrx_word' id='word_1_268' title='bbox 924 4211 1088 4306; x_wconf 86' lang='lat' dir='ltr'>ejusmodi</span> <span class='ocrx_word' id='word_1_269' title='bbox 1112 4209 1270 4304; x_wconf 86' lang='lat' dir='ltr'>liturgiis,</span> 
     </span>
     <span class='ocr_line' id='line_1_35' title="bbox 144 4317 1170 4421; baseline 0.001 -27"><span class='ocrx_word' id='word_1_270' title='bbox 144 4340 263 4394; x_wconf 86' lang='lat' dir='ltr'>contra</span> <span class='ocrx_word' id='word_1_271' title='bbox 285 4327 518 4421; x_wconf 87' lang='lat' dir='ltr'>praescriptum</span> <span class='ocrx_word' id='word_1_272' title='bbox 538 4317 573 4398; x_wconf 87' lang='lat' dir='ltr'>S.</span> <span class='ocrx_word' id='word_1_273' title='bbox 594 4329 645 4396; x_wconf 90' lang='lat' dir='ltr'>Pii</span> <span class='ocrx_word' id='word_1_274' title='bbox 667 4331 695 4397; x_wconf 84' lang='lat' dir='ltr'>V</span> <span class='ocrx_word' id='word_1_275' title='bbox 722 4327 874 4414; x_wconf 86' lang='lat' dir='ltr'>retentis,</span> <span class='ocrx_word' id='word_1_276' title='bbox 894 4351 961 4395; x_wconf 90' lang='lat' dir='ltr'>non</span> <span class='ocrx_word' id='word_1_277' title='bbox 982 4327 1170 4396; x_wconf 84' lang='lat' dir='ltr'>accessisse.</span> 
     </span>
    </p>

    <p class='ocr_par' dir='ltr' id='par_1_4' title="bbox 192 4437 1273 4537">
     <span class='ocr_line' id='line_1_36' title="bbox 192 4437 1273 4537; baseline -0.003 -27"><span class='ocrx_word' id='word_1_278' title='bbox 192 4441 254 4510; x_wconf 86' lang='lat' dir='ltr'>Vis</span> <span class='ocrx_word' id='word_1_279' title='bbox 273 4455 387 4524; x_wconf 80' lang='lat' dir='ltr'>autem</span> <span class='ocrx_word' id='word_1_280' title='bbox 408 4443 713 4537; x_wconf 84' lang='lat' dir='ltr'>argumentationis</span> <span class='ocrx_word' id='word_1_281' title='bbox 740 4456 863 4511; x_wconf 74' lang='lat' dir='ltr'>nostrae</span> <span class='ocrx_word' id='word_1_282' title='bbox 886 4442 920 4509; x_wconf 93' lang='lat' dir='ltr'>in</span> <span class='ocrx_word' id='word_1_283' title='bbox 938 4467 978 4510; x_wconf 89' lang='lat' dir='ltr'>eo</span> <span class='ocrx_word' id='word_1_284' title='bbox 997 4456 1059 4530; x_wconf 80' lang='lat' dir='ltr'>est,</span> <span class='ocrx_word' id='word_1_285' title='bbox 1076 4439 1170 4534; x_wconf 91' lang='lat' dir='ltr'>quod</span> <span class='ocrx_word' id='word_1_286' title='bbox 1187 4437 1273 4535; x_wconf 85' lang='lat' dir='ltr'>&#39;legi-</span> 
     </span>
    </p>
   </div>
   <div class='ocr_carea' id='block_1_3' title="bbox 0 0 1506 5070">
    <p class='ocr_par' dir='ltr' id='par_1_5' title="bbox 0 0 1506 5070">
     <span class='ocr_line' id='line_1_37' title="bbox 0 0 1506 5070; baseline 0 3"><span class='ocrx_word' id='word_1_287' title='bbox 0 0 1506 5070; x_wconf 95' lang='lat' dir='ltr'> </span> 
     </span>
    </p>
   </div>
  </div>
 </body>
</html>
