2964 5070
479 377 525 423 ne
552 375 639 424 soar
665 374 876 424 erruucrco.
1145 349 1234 451 ’317

109 527 175 584 rem
195 497 382 606 pascendi,
398 501 541 604 regendi
551 519 658 601 atque
672 499 899 602 gubernandi
920 501 1151 573 uru'versalem
1164 509 1232 574 Ec·

107 630 273 712 clerium
286 623 381 718 quod
397 620 646 692 consectarium
663 618 860 689 haereticum
875 633 934 688 cst.

156 748 201 814 Et
218 738 438 812 nihilominus
451 735 535 806 adeo
557 749 687 805 mentes
699 732 956 803 obnubilaverat
974 731 1075 804 fallax
1097 733 1236 830 gallica-

110 859 209 928 nismi
220 871 375 952 systema,
386 867 422 923 ut
436 849 638 947 compilator
647 847 858 918 coliectionis
868 848 921 918 cui
930 846 1049 917 titulus
1059 854 1124 919 Les
1131 856 1240 920 Actes

109 973 158 1045 clu
180 971 295 1069 clergc‘
313 968 357 1040 de
383 975 534 1051 Franco,
561 965 760 1035 temeritatis
786 979 900 1034 notam
930 964 1136 1057 intorqueat,
1170 991 1237 1036 aron

113 1086 284 1184 praedietis
303 1081 404 1154 buttae
423 1080 554 1152 Urbani
570 1079 650 1149 Vlll
666 1077 900 1164 violatoribus,
919 1077 976 1146 sed
998 1077 1164 1174 theologis
1179 1082 1240 1174 qui

115 1187 315 1271 catholicam
341 1197 529 1267 doctrinam
555 1208 638 1264 tunc
664 1192 829 1287 temporis
848 1207 967 1262 contra
988 1189 1113 1262 dictam
1138 1195 1241 1265 viola-

113 1315 242 1384 tionem
258 1309 484 1380 desenderuut
499 1335 508 1378 t
521 1335 537 1372 a
551 1305 724 1400 Quetques
737 1301 949 1400 particuliers
963 1303 1063 1400 ayant
1077 1331 1119 1376 eu
1140 1305 1170 1377 la
1190 1307 1242 1378 16·

113 1425 269 1498 «111ἑ1ἱίέ
289 1425 468 1496 d'avancer
492 1448 558 1518 que
580 1447 633 1492 ces
662 1421 895 1516 suppressione
922 1445 964 1490 ne
986 1437 1064 1491 sont
1082 1423 1178 1517 point
1201 1425 1244 1493 dc

114 1575 130 1610 a
151 1542 321 1614 l’antoritb
339 1540 397 1610 des
416 1540 573 1634 equues,
593 1536 615 1606 it
637 1531 740 1632 parut
758 1561 802 1604 uu
824 1535 923 1604 111111ς
941 1535 1098 1631 imprime
1115 1537 1134 1608 ὲ
1152 1541 1245 1610 Paris

115 1689 133 1724 a
151 1685 193 1728 en
213 1657 319 1754 1670,
335 1654 495 1748 composti
511 1678 553 1723 en
574 1647 684 1721 forme
698 1646 739 1719 de
754 1647 924 1745 dialogus,
938 1649 1022 1719 dans
1037 1648 1146 1746 lequel
1161 1652 1244 1724 l'au·

116 1803 134 1841 «
155 1789 232 1844 teur
250 1770 368 1842 etablit
393 1767 600 1862 amplement
629 1792 668 1837 ce
693 1766 841 1861 pouvoir
866 1765 924 1834 des
950 1767 1108 1861 c'veques
1128 1771 1177 1839 M.
1203 1769 1246 1840 de

115 1921 132 1956 α
151 1888 419 1982 Bassompierre,
439 1886 569 1978 (ireque
589 1883 631 1952 de
653 1885 816 1966 Xaintes3
836 1883 885 1951 M.
907 1880 949 1950 de
969 1881 1096 1974 Laval,
1118 1882 1246 1980 e'quuc

116 2035 134 2072 a
153 2005 195 2074 de
207 2003 238 2073 la
255 1999 429 2087 Rocbelle,
441 2015 475 2070 et
489 2002 539 2069 M.
555 1997 702 2092 l'tiveque
716 1996 758 2066 de
771 1997 961 2091 Pe'rigneux
977 1995 1056 2066 l'ont
1072 2005 1246 2094 approuve

89 2137 92 2144 ’
117 2150 136 2185 α
155 2143 237 2190 avec
253 2117 361 2210 siloge,
373 2131 408 2186 et
430 2141 472 2185 en
491 2129 553 2183 ont
574 2110 809 2182 recommendo
829 2109 859 2180 la
881 2109 1007 2182 lecture
1025 2114 1043 2181 a
1060 2111 1149 2182 leurs
1168 2115 1246 2186 dio-

118 2263 135 2298 «
158 2233 286 2304 cisains
311 2261 328 2296 1
352 2232 393 2328 (t.
409 2233 454 2331 V,
473 2257 507 2324 p.
534 2225 646 2310 1305,
672 2225 752 2296 edit.
778 2219 1012 2324 Ι1716).Ι)11111
1037 2253 1115 2300 vero
1141 2228 1247 2326 aliqui

120 2347 309 2419 Galliarum
338 2343 493 2440 Episcopi
521 2341 680 2440 praedicto
705 2337 807 2409 modo
830 2353 948 2409 contra
968 2344 1246 2416 constitutionem

121 2462 253 2531 Urbani
269 2463 350 2531 thl
366 2461 453 2529 circa
473 2458 555 2528 sesta
569 2457 611 2527 dc
629 2471 797 2552 praecepto
815 2455 1052 2548 decernebant,
1069 2459 1112 2530 arl
1122 2465 1248 2557 Regem

121 2575 353 2662 recurrebant,
371 2574 511 2668 ejusque
527 2567 730 2644 auerteritate
749 2595 809 2641 sua
828 2570 955 2640 firmari
974 2571 1108 2644 (torreta
1124 2600 1249 2670 procu.

120 2692 264 2762 rabant:
280 2717 297 2753 a
315 2689 419 2759 Louis
438 2713 499 2783 par
518 2686 548 2755 la
571 2687 671 2782 grace
692 2686 734 2754 de
751 2687 849 2772 Dion,
868 2687 918 2756 roi
944 2685 986 2756 de
1005 2691 1132 2760 Franco
1154 2707 1189 2762 et
1207 2694 1250 2765 de

120 2837 139 2872 a
162 2807 367 2889 Navarre...‚
393 2805 492 2899 apres
518 2803 614 2872 avoir
639 2802 702 2871 fait
724 2803 798 2872 voir
818 2827 860 2872 en
885 2817 982 2872 notre
1004 2806 1127 2874 couseil
1148 2806 1178 2876 le
1200 2810 1252 2878 dit

121 2953 140 2990 a
160 2922 378 2993 mandement
402 2919 698 3015 (Novioduneusis
718 2943 839 3014 nempe
872 2920 1042 3013 Episcopi,
1068 2923 1128 3014 qui
1154 2921 1252 3016 plura

124 3067 142 3103 a
159 3037 242 3108 festa
257 3033 614 3131 depraeceptopropria
628 3033 828 3104 auctoritate
836 3032 1049 3128 abrogabat),
1058 3057 1253 3107 nousavons

124 3183 142 3219 α
158 3151 260 3224 icelui
286 3149 502 3220 mandemeot
529 3148 628 3234 lone,
655 3145 817 3218 coufirme
842 3162 876 3218 et
903 3146 1092 3242 approuvr'a,
1116 3147 1250 3239 louous,

124 3297 144 3334 α
163 3265 370 3338 confirmous
392 3279 426 3334 et
451 3287 756 3360 approuvouspar
779 3287 835 3332 ces
861 3263 1031 3356 presentes
1057 3262 1187 3358 signies
1212 3265 1255 3334 de

128 3411 146 3447 α
166 3395 267 3452 notre
282 3377 370 3448 main
385 3404 396 3468 3
413 3376 557 3449 voulons
575 3394 610 3448 et
631 3401 717 3446 nous
734 3374 818 3471 plait
836 3401 903 3472 que
921 3374 952 3446 le
973 3377 1023 3447 dit
1039 3377 1255 3448 maudement

124 3527 144 3563 α
166 3497 232 3564 soit
251 3495 389 3564 execute'
408 3492 500 3564 selon
515 3517 550 3563 sa
570 3493 679 3564 forme
690 3505 723 3561 et
743 3507 904 3564 tenear.»
922 3490 1048 3587 (Actes
1065 3491 1110 3562 du
1129 3491 1254 3590 clcrge',

129 3627 156 3681 t.
172 3613 219 3698 V,
240 3635 273 3704 p.
293 3607 376 3705 129?
389 3607 492 3692 ,odiu
515 3605 633 3705 1716.)

161 3719 647 3821 Propositi06³.Postbullam
655 3719 1085 3812 uurvsnsrt'rbaniV111‚
1093 3727 1261 3820 Episcopi

120 3833 340 3942 potestatem
355 3863 426 3910 non
440 3836 576 3908 liabent
587 3837 788 3933 novasesta
802 3835 846 3908 de
855 3854 1034 3934 praecepto
1052 3839 1262 3912 instituendi

129 3958 171 4028 in
182 3957 253 4024 suis
270 3949 539 4024 mansione-
548 3952 697 4024 Multum
712 3969 930 4024 controversa
944 3953 1009 4025 tuit
1024 3951 1079 4024 itta
1098 3958 1261 4051 quaestio;

132 4072 183 4142 ita
196 4084 246 4157 nt,
260 4070 288 4138 si
303 4067 415 4140 solum
428 4065 624 4140 attendatur
636 4068 679 4138 ad
694 4067 871 4139 doctorum
886 4067 1160 4166 disceptationes,
1176 4072 1261 4143 nibil

136 4200 232 4256 certo
246 4181 402 4254 concludi
413 4184 514 4279 possit
526 4207 602 4253 eum
614 4182 760 4253 diversas
769 4184 803 4253 in
815 4199 926 4280 partes
940 4181 1115 4258 sententie
1124 4188 1258 4257 abeant.

99 4357 103 4364 .
137 4305 213 4371 lmo
230 4313 351 4369 ¹contra
377 4300 497 4368 thesim
520 4299 609 4370 stare¹
631 4297 766 4368 videtur
786 4303 1000 4372 communior
1022 4303 1152 4396 opinio.
1178 4302 1264 4372 lndc

140 4429 260 4486 autem
286 4429 360 4484 orta
388 4414 422 4484 in
450 4412 574 4484 scholis
596 4416 856 4504 controuersia,
879 4415 973 4512 qnod
1000 4416 1161 4488 Urbanus
1181 4420 1265 4490 Vlll
