2982 5072
464 387 511 432 on
536 387 623 434 suan
645 386 854 436 ursuncrco.
1151 364 1219 463 139

92 515 216 586 ruenda
241 513 515 610 cognatarum
540 515 631 584 circu
653 513 923 586 constituendam
948 513 1166 610 disciplinam
1183 528 1249 586 et:

92 632 283 726 liturgiam,¹
299 653 465 724 supremas
492 629 655 725 principis
686 629 879 724 temporalis
910 631 1148 730 approbationi
1184 645 1219 704 ct

88 745 220 843 judicio
237 744 420 816 ultimatiru
434 746 821 840 subjectamremanere.
849 747 1086 840 Respondctur
1104 747 1215 840 primo

93 861 579 957 mtarquendornrgmmntum
596 862 835 957 :Magistratus
850 860 1090 957 civilesregni,
1106 878 1139 932 et
1157 887 1217 932 rex

92 977 369 1072 ipse,·potestatu·
381 999 440 1045 sua
458 977 554 1046 abuti
572 991 731 1071 possuut3
748 1002 829 1072 ergo
854 975 993 1046 cuilibet
1013 978 1148 1047 subdito
1163 977 1215 1048 fas

92 1091 275 1161 essedebet
290 1111 492 1186 cognoscere
507 1092 555 1160 dc
569 1094 728 1162 omnihus
743 1092 872 1187 legibus
889 1108 924 1160 ct
940 1094 1088 1178 statutis,
1098 1119 1122 1162 a
1132 1118 1217 1186 qun·

92 1209 453 1303 cumque-magistratu
476 1223 536 1278 aut
553 1208 653 1278 etiam
669 1235 690 1277 n
704 1231 779 1303 nege
792 1203 923 1293 latis,et
941 1233 978 1276 eu
997 1231 1072 1302 quaa
1090 1209 1215 1301 injusta

89 1321 485 1416 judicaveritaespucre„
507 1322 743 1417 Respondemr
767 1321 944 1392 secundo:
964 1347 1117 1392 caverna
1135 1319 1216 1392 defi·

92 1437 280 1507 ultionibus
297 1437 452 1508 Eeuniae
472 1439 560 1508 circa
577 1437 689 1520 fidem,
706 1453 759 1506 est
784 1437 936 1526 baeresim
955 1463 1037 1532 ergo
1062 1438 1117 1530 jus
1149 1437 1216 1508 hoc

92 1553 194 1622 morlo
219 1553 358 1622 cavendi
387 1579 457 1624 non
490 1569 599 1649 potest
626 1554 666 1622 ad
698 1554 883 1648 principem
907 1555 1087 1650 pertinere.
1124 1557 1210 1622 Item

91 1666 243 1738 Ecclesia
256 1670 291 1736 in
312 1668 495 1740 sancienda
507 1668 687 1738 uniuersali
702 1669 879 1764 disciplina
896 1667 1082 1740 infallibilis
1098 1685 1158 1758 est,
1173 1695 1214 1740 eo

91 1805 213 1878 nempe
224 1807 339 1873 sensu,
357 1783 449 1877 qued
472 1783 555 1852 nihil
576 1784 753 1877 injustum,
767 1783 850 1852 nihil
870 1809 1017 1878 pravum.
1031 1781 1212 1880 perlegam
1275 1877 1277 1883 k

91 1899 313 1968 universalem
337 1915 483 1969 statuere
501 1901 605 1994 possit
616 1925 629 1967 ¹:
646 1918 728 1993 crgo
746 1897 821 1968 talia
840 1898 1017 1994 disciplina
1038 1923 1214 1994 nunquam

91 2039 158 2085 esse
171 2031 284 2110 potest
297 2016 616 2110 abusivaenecjuris
625 2015 725 2084 alieni
742 2014 868 2101 laesiva3
885 2041 965 2111 ergo
974 2017 1129 2111 princeps
1143 2043 1212 2086 non

90 2144 199 2222 potest
235 2127 359 2198 habere
387 2132 444 2224 jus
477 2130 617 2200 carendi
658 2144 775 2200 contra
806 2128 989 2223 disciplima
1019 2129 1213 2200 irrisiversalis

90 2244 235 2328 decreta,
250 2271 291 2314 en
305 2269 346 2314 ea
358 2247 490 2316 ratimre
507 2245 602 2340 qued
620 2245 707 2314 forte
722 2247 800 2339 jura
824 2246 919 2340 regui
931 2243 1073 2314 *laedant
1089 2245 1213 2333 Quoad

89 2375 181 2430 actus
203 2360 420 2454 particulares
440 2361 622 2457 pontificiae
648 2361 870 2449 auctoritatis,
895 2361 929 2428 in
960 2360 1083 2454 quibus
1106 2363 1213 2431 Sum-

90 2499 162 2544 mus
197 2476 353 2546 Pontifex
378 2501 450 2545 non
480 2477 755 2565 eet-infallibilis,
779 2502 856 2546 cum
883 2476 1041 2570 princeps
1058 2477 1100 2544 sit
1122 2490 1212 2545 certe

89 2591 245 2659 atbditus
259 2594 357 2685 Papae
374 2593 410 2660 in
430 2593 532 2662 rebus
547 2593 740 2686 hujusmodi
755 2592 952 2686 religionem
968 2592 1208 2686 spectantibus,

88 2709 227 2799 etPapa
240 2707 283 2774 sit
304 2694 519 2802 certeipsius
540 2709 694 2802 superior
715 2722 749 2776 et
768 2721 904 2800 pastor,
923 2708 1069 2801 principi
1101 2731 1227 2775 rema--

89 2821 180 2890 nebit
196 2821 258 2913 jus
268 2821 512 2915 carendi-quod
523 2823 686 2916 competit
705 2801 842 2892 cuilibet
860 2821 999 2890 subdito
1009 2847 1089 2916 erga
1107 2845 1208 2916 eupe-

88 2937 211 3005 riorem
231 2961 358 3006 sunum
385 2937 522 3032 quando
556 2935 677 3032 nempe
712 2938 893 3032 superioris
923 2953 1128 3030 praeeeptum
1161 2952 1212 3006 est

88 3052 221 3120 notorie
249 3067 283 3120 et
310 3075 349 3120 ex
378 3053 550 3122 communi
571 3055 721 3120 virorum
752 3051 1011 3145 competentium
1044 3053 1212 3121 sementia

86 3166 271 3258 injustum,
287 3167 444 3236 subditus
472 3167 611 3236 obedire
639 3193 707 3236 nou
736 3181 896 3236 tenetur:
913 3167 947 3235 in
967 3166 1072 3236 dubio
1100 3183 1212 3238 autem

38 3253 50 3278 ⁸
87 3281 274 3374 injustitiae,
296 3281 451 3350 standum
478 3297 529 3351 est
556 3309 620 3377 pro
639 3284 818 3378 superiore
848 3297 880 3352 et
900 3298 1002 3376 urget
1031 3283 1211 3352 obediendi

86 3397 258 3492 obligatio.
276 3402 320 3465 At
342 3421 535 3468 remensus
554 3399 777 3468 ordinationis
793 3398 973 3491 pontiliciae
997 3423 1070 3491 quae
1085 3398 1128 3467 sit
1145 3421 1209 3468 no·

87 3515 173 3582 ruric
189 3527 224 3580 et
238 3515 463 3597 est-communi
480 3513 656 3584 doctorum
666 3514 795 3609 judicio
807 3515 945 3607 injusta,
959 3511 1035 3582 licet
1055 3513 1208 3584 absolute

85 3625 268 3721 possibilis,
290 3629 324 3696 in
345 3630 440 3724 praxi
461 3643 574 3698 tamen
598 3645 648 3699 est
670 3632 758 3699 inter
781 3631 979 3700 cltimericas
1005 3629 1208 3726 hypotheses

86 3743 315 3839 reponendus.
345 3747 435 3839 Ergo
464 3745 520 3838 jus
552 3747 690 3815 cavendi
717 3773 737 3816 a
764 3745 929 3843 regalistis
955 3747 1207 3840 excogitatum,

85 3859 115 3925 vi
129 3859 228 3951 cujus
249 3883 371 3954 nempe
391 3858 580 3955 dogmatica
605 3876 640 3930 et
657 3861 882 3956 disciplinaria
897 3862 1030 3931 decreta
1052 3860 1209 3955 quaelibet

82 3973 260 4067 ajudicio
284 3989 329 4044 at·
350 3977 595 4070 approbatione
626 3978 790 4074 principis
822 3977 1001 4046 ultimatim
1028 3977 1210 4070 pendeant,

82 4086 206 4158 falsum
229 4091 372 4159 omnino
402 4105 473 4177 est,
495 4108 597 4187 atque
620 4092 845 4162 hareticalem
875 4109 909 4162 et
933 4091 1208 4164 schismaticalem

83 4207 285 4298 pravitatem
297 4208 496 4278 recondens.

131 4321 173 4389 2⁰
200 4323 272 4391 Nee
293 4321 405 4392 nalum
427 4322 552 4393 iustrlse
566 4324 710 4420 principi
727 4325 783 4419 jus
805 4324 841 4392 in
863 4322 1035 4418 liturgiam
1054 4323 1208 4390 tribuunt

83 4435 184 4508 titulo
194 4442 405 4534 protectoris
426 4465 614 4512 ramnum.
633 4445 718 4510 ‘llam
741 4442 929 4537 precipuus
950 4455 984 4508 et
1008 4435 1211 4506 fundamen·-
