3018 5070
514 369 561 414 ns
585 367 672 416 sune
698 368 906 416 nrrnncrco.
1224 341 1269 414 55

144 495 285 566 stranda
306 493 383 564 lielei
399 492 557 564 doctrina
570 497 621 564 vis
641 511 674 564 et
695 497 892 566 auctoritas.
911 497 1000 564 Nam
1026 471 1060 562 in
1081 493 1144 563 huc
1162 495 1272 590 hypo·

144 611 229 680 tlsesi
249 623 285 678 et
304 607 424 678 iisdem
446 607 635 680 fatentibus
658 613 754 680 Pinio
773 625 807 681 et
828 611 967 697 Bnrnio,
986 607 1130 702 liturgiae
1152 611 1272 702 quinto

142 726 265 798 secuto
273 725 407 819 scriptae
418 724 503 794 nihil
517 723 610 795 aliud
628 707 848 820 essentquam
865 727 1012 819 ipsaemet
1029 721 1174 818 liturgiae
1188 747 1272 818 qua·

143 841 390 937 tnorpriornm
416 839 632 929 *saecnlomm
657 843 855 912 memoriter
878 841 1030 936 quidem,
1058 839 1116 908 sed
1142 863 1272 908 summa

143 981 226 1026 cuca
258 969 465 1026 conservatae
492 969 528 1025 et
566 959 783 1026 transmissae.
813 957 981 1049 Scriptum
1008 979 1129 1048 nempe
1156 955 1274 1023 fnisset

143 1074 267 1167 quinto
286 1087 420 1142 tantum
432 1071 578 1160 saeeultt3
593 1087 630 1142 at
651 1073 818 1167 scriptum
839 1071 931 1164 quod
945 1085 1044 1140 antea
1067 1068 1273 1162 frequentari

143 1186 284 1258 solitum
301 1201 389 1276 erat,
410 1210 477 1255 non
493 1185 597 1256 aliud.
621 1189 726 1281 Ergo,
745 1186 824 1255 licet
840 1188 962 1280 quinto
983 1186 1119 1278 scriptae
1139 1183 1275 1272 saeculo,

144 1300 290 1395 liturgiae
313 1300 378 1370 illae
401 1299 621 1370 nibilominus
638 1303 869 1396 exprimerent
894 1315 930 1369 et
948 1314 1154 1368 testarentur
1170 1298 1275 1369 eccle·

143 1417 268 1485 siarum
289 1415 392 1484 fidem
410 1431 445 1485 et
461 1415 654 1486 doctrinam
668 1441 729 1512 per
738 1431 889 1512 quatuor
906 1415 1022 1510 priora
1042 1413 1174 1486 saecula.

193 1527 234 1598 3⁰
261 1531 399 1600 Etiamsi
411 1529 518 1626 (qnod
536 1529 659 1602 salsum
675 1547 709 1601 et
720 1531 907 1602 absurdum
920 1531 985 1624 est)
1008 1531 1131 1626 quinto
1151 1529 1274 1601 saeculo

144 1645 277 1737 scriptae
291 1644 443 1732 luissent,
454 1671 523 1715 non
531 1646 602 1739 jam
613 1649 779 1742 vigentes,
796 1647 853 1716 sed
870 1669 967 1716 novae
982 1661 1016 1716 at
1029 1661 1113 1716 tunc
1127 1648 1274 1741 primum

144 1775 226 1829 ortae
248 1758 405 1855 liturgiae‚
422 1777 574 1832 maneret
588 1763 702 1832 adlrue
713 1785 829 1832 aarum
847 1761 891 1832 ad
905 1761 1029 1857 dogma
1041 1761 1275 1832 demonstran·

144 1873 226 1946 dum
246 1876 487 1945 inconcussum
502 1877 635 1946 robur:
657 1901 735 1947 nam
758 1891 964 1946 testarentur
984 1876 1103 1946 saltem
1118 1876 1276 1946 ecclesia·

144 2013 221 2059 rum
248 1988 491 2062 catholicarum
511 1992 613 2086 hujus
637 1993 801 2090 temporis
822 1993 921 2062 tidem
935 2008 1039 2087 atque
1060 1992 1274 2078 doctrinam
1376 1975 1379 1982 ³

143 2126 249 2200 porro
265 2127 376 2199 neque
394 2106 476 2196 laec,
497 2131 608 2202 neque
626 2104 697 2176 ullo
711 2106 779 2176 alio
801 2121 956 2202 tempore
972 2127 1115 2176 erronea
1131 2129 1201 2175 esse
1218 2131 1276 2200 po·

143 2221 211 2288 tuit
226 2220 312 2290 fides
329 2235 364 2290 et
375 2220 531 2292 doctrina
545 2221 728 2292 multarum
742 2222 959 2292 eeclesiarum
973 2221 1060 2290 idem
1076 2245 1152 2290 cum
1161 2220 1277 2290 Eccle-

144 2337 192 2404 sia
217 2339 372 2404 Romana
394 2337 647 2431 profitentium
669 2339 749 2432 quia
772 2336 923 2431 alioquin
947 2334 1144 2406 catholicam
1167 2336 1276 2430 ipsam

143 2448 329 2519 Ecclesiam
347 2475 446 2521 error
463 2453 622 2522 invadere
630 2465 754 2548 posset,
775 2449 868 2546 quod
881 2475 1056 2547 nunquam
1074 2465 1274 2520 eventurum

141 2565 303 2658 promisit
320 2563 489 2636 Christus.
504 2567 690 2653 Quomodo
701 2582 814 2637 autem
833 2591 903 2636 non
919 2568 1033 2637 vident
1050 2581 1276 2661 protestantes

143 2676 339 2765 Ecclesiam,
351 2680 379 2748 si
389 2681 646 2773 quintosoeculo
660 2684 772 2779 potuit
782 2681 957 2775 deturpari
972 2697 1006 2751 et
1025 2705 1044 2752 a
1059 2704 1138 2750 vera
1147 2682 1276 2751 Christi

143 2793 304 2864 mona
322 2794 663 2890 aeettnereporutsse
675 2799 774 2866 etiam
788 2812 923 2890 quarto,
945 2798 1062 2887 tertio,
1086 2798 1156 2866 imo
1174 2797 1276 2868 etiam

141 2908 295 2978 secundo
310 2921 349 2980 et
364 2912 477 3004 primo
493 2911 617 2982 saeculo
636 2913 669 2982 id
688 2913 939 2982 obscurationis
954 2927 987 2980 et
1004 2914 1111 2980 ruinae
1128 2914 1197 3005 pati
1211 2911 1228 2978 ?

191 3028 285 3118 Ergo
315 3049 391 3094 vera
414 3027 516 3096 etiaim
544 3029 717 3121 supposita
743 3027 1085 3120 predictorumPinii
1108 3039 1139 3094 et
1157 3026 1275 3094 Brunii

142 3139 356 3233 opinatione,
372 3153 445 3212 tota
464 3157 616 3210 remanet
635 3141 850 3236 liturgiarum
869 3142 905 3209 in
926 3140 1100 3234 probanda
1121 3140 1276 3210 doctriua

141 3253 222 3324 fidei
237 3255 289 3323 vis
303 3269 405 3350 atque
423 3258 620 3326 auctoritas.

192 3372 371 3442 Oasaemo
395 3380 428 3440 a·
454 3409 503 3426 --
525 3372 686 3467 Liturgiae
710 3385 842 3441 veteres
865 3383 943 3440 sunt
972 3370 1050 3440 libri
1076 3370 1274 3468 apocryphi,

143 3484 184 3553 iis
208 3507 334 3579 nempe
356 3487 440 3555 viris
457 3487 613 3558 attributi
632 3489 691 3581 qui
714 3509 831 3555 earum
855 3501 1009 3555 auctores
1033 3486 1173 3554 minime
1197 3485 1276 3553 fue·

143 3613 245 3687 runt3
265 3623 348 3695 ergo
363 3602 511 3672 invocari
534 3604 653 3697 nequit
680 3603 715 3671 in
734 3601 980 3697 quaestionibus
1008 3601 1050 3670 de
1068 3600 1135 3670 lide
1156 3602 1276 3696 liujus

140 3713 235 3784 mod
253 3714 470 3812 liturgiarum
491 3721 685 3790 auctoritas.
702 3719 874 3789 Probatur
890 3717 1092 3788 antecedens
1108 3743 1117 3785 ε
1132 3717 1275 3812 liturgiae

140 3851 219 3921 quae
242 3834 350 3902 sancti
383 3836 489 3922 Petri,
519 3836 627 3904 'sancti
654 3835 762 3907 Marci
796 3834 1008 3929 aliorumque
1043 3833 1274 3927 apostolorum

141 3969 268 4015 nonren
295 3972 366 4042 prta
388 3971 424 4018 se
444 3950 572 4037 ferunt,
595 3965 729 4020 corastat
751 3953 795 4018 ab
813 3949 1056 4044 impostoribus
1074 3948 1176 4018 luisse
1194 3973 1274 4017 com

143 4059 250 4132 fictas.
281 4065 335 4132 Ab
353 4065 432 4159 ipsis
449 4056 562 4137 autem
578 4082 749 4137 tantorum
770 4067 946 4134 nominum
964 4077 1015 4134 est
1038 4078 1199 4158 usurpata
1216 4085 1274 4130 aar·

140 4179 297 4268 ctoritas,
318 4195 357 4248 ut
375 4179 492 4276 populi
508 4183 714 4277 promptiori
733 4181 848 4250 anieno
862 4163 1022 4276 etmajori
1041 4204 1118 4248 cum
1134 4199 1272 4247 tenera·

141 4294 234 4362 tione
263 4297 387 4390 scripta
410 4297 482 4366 hae
514 4279 713 4393 reciperent.
746 4277 922 4367 Caeterum¹
949 4298 1036 4366 inter
1061 4293 1271 4390 apocryphos

141 4409 344 4501 rejiciendos
367 4435 439 4482 csse
457 4397 621 4508 ejasrnodi
642 4413 745 4486 libros
764 4414 893 4484 latetur
909 4410 1152 4482 catholicorum
1165 4409 1268 4477 etiam
