3018 5070
239 363 284 432 28
697 389 901 436 raacrarus

238 523 375 602 «cepta.
386 513 464 580 Non
475 511 563 579 enim
578 535 639 606 per
653 513 716 581 hoc
728 509 951 605 tolliturquin
965 511 1067 580 luerit
1078 509 1255 606 specialius
1268 525 1367 581 caete-

237 653 254 686 a
270 625 314 692 ris
324 641 518 720 praeparata,
529 653 569 695 eo
580 628 671 722 quod
681 629 714 696 in
727 629 797 724 ipsa
807 627 1074 698 sanctificatione
1093 627 1366 722 copiosiuscaete·

222 769 225 774 ·
240 767 256 802 a
271 739 317 808 ris
327 765 450 809 munus
460 743 574 836 gratiae
589 745 728 838 accepit,
738 741 922 813 nonsolum
933 757 969 814 ut
984 757 1215 838 purgaretura
1228 757 1367 840 peccato

240 852 447 950 «originali,
468 855 524 925 sed
555 872 592 927 ut
619 872 690 928 tota
720 859 793 953 ejus
819 859 889 930 vita
915 857 1115 928 redderetur
1140 857 1300 926 immunis
1322 857 1367 928 ab

241 970 364 1038 «omni
387 986 525 1066 peceato
545 986 613 1042 tam
634 971 769 1044 mortali
788 999 890 1069 quam
913 971 1056 1061 veniali,
1079 987 1116 1042 ut
1142 971 1225 1044 dicit
1246 969 1367 1042 Ansel·

241 1110 345 1154 arnus
360 1116 377 1151 a
392 1085 649 1181 (quodlibetum
667 1088 712 1175 6,
731 1102 795 1159 art.
817 1086 872 1186 7).

290 1203 340 1268 Ex
361 1198 471 1272 allatis
485 1202 631 1272 textibus
641 1205 720 1272 satis
733 1217 825 1298 patet
847 1229 866 1273 a
881 1202 1019 1273 doctore
1035 1200 1189 1297 angelico
1204 1217 1368 1296 tanquam

242 1313 390 1385 validum
421 1316 577 1387 habiturn
607 1318 709 1388 luisse
739 1333 978 1413 argumentum
1006 1343 1076 1413 quo
1103 1343 1123 1387 a
1152 1314 1298 1411 liturgiis
1324 1313 1369 1386 ad

242 1432 401 1528 dogmata
429 1432 464 1500 in
491 1433 532 1503 iis
561 1457 713 1529 expressa
742 1433 781 1504 fit
805 1430 920 1504 illatio.
950 1433 1022 1506 lmo
1052 1432 1194 1502 dubium
1225 1457 1292 1500 non
1319 1444 1371 1500 est

243 1547 324 1640 quin
354 1549 389 1616 S.
415 1548 586 1640 Thomas,
608 1549 635 1618 si
664 1549 786 1618 fest-um
809 1548 1052 1643 Conceptionis
1075 1545 1309 1618 anniversaliter
1332 1561 1371 1616 ut

244 1663 346 1732 hodie
364 1661 585 1754 celebratum,
603 1679 636 1734 et
654 1665 824 1758 objectum
845 1664 949 1760 ipsius
963 1662 1229 1759 (immaculatam
1249 1686 1371 1757 nempe

244 1779 522 1875 conceptionem)
546 1779 635 1875 apud
654 1781 807 1848 omnium
822 1793 949 1848 mentes
965 1776 1055 1848 clare
1067 1765 1259 1874 expressum
1274 1801 1372 1872 repe·

246 1894 365 1982 risset,
396 1894 547 1964 eamdem
577 1894 768 1963 deduxisset
791 1892 1044 1963 conclusionem
1067 1919 1106 1962 ae
1128 1894 1218 1963 cirea
1250 1894 1372 1962 nativi·

248 2023 362 2078 tatem.
384 2009 680 2098 Quemadmodum
706 2033 826 2103 nempe
844 2024 983 2077 sanctus
1000 2007 1121 2079 doctor
1136 2033 1198 2078 suo
1220 2023 1372 2102 tempore

248 2129 295 2198 sie
317 2129 540 2200 ratiocinatus
566 2145 645 2200 est:
671 2127 873 2200 Celebrutur
886 2125 1027 2227 stastum
1045 2127 1269 2209 Nativitatem
1291 2151 1372 2224 ergo

247 2243 456 2338 sanctasuit
474 2246 665 2330 anteritas,
685 2245 731 2312 ita
745 2243 846 2312 hodie
859 2241 984 2312 diecret
1003 2268 1011 2311 :
1029 2239 1373 2335 Celebrutnrsestum

250 2357 492 2428 lnrmaculatoe
504 2361 746 2456 conceptionis
750 2387 765 2445 ;
776 2361 857 2456 ergo
866 2357 1098 2428 imnmculatu
1109 2371 1145 2428 et
1154 2357 1200 2428 ad
1209 2356 1377 2456 originali

244 2472 655 2568 saeccutoe'rmnunrisuit
671 2484 860 2570 conceptio.
1040 2475 1042 2480 ’

298 2596 382 2663 Item
398 2598 522 2665 Suarez
540 2609 747 2692 assumptam
765 2598 798 2665 in
817 2619 961 2692 corpore
982 2595 1084 2664 luisse
1105 2597 1241 2664 Beatam
1262 2587 1377 2682 Virgi-

251 2735 329 2778 nem
348 2725 509 2805 tanquam
528 2727 658 2781 certum
680 2710 852 2782 concludit
870 2737 909 2780 ex
932 2709 1068 2805 liturgia
1086 2737 1095 2778 τ
1112 2739 1129 2774 α
1146 2705 1322 2778 Usuardus
1341 2717 1377 2774 et

254 2853 271 2888 «
289 2824 364 2894 Ado
382 2825 415 2894 in
431 2828 498 2896 suis
518 2825 769 2922 Martyrologiis
782 2826 901 2895 dieunt
919 2824 1101 2894 Ecclesiam
1117 2821 1285 2894 celebrare
1300 2817 1377 2888 dor·

256 2940 464 3010 «mitionem
496 2942 657 3038 Virginis.
673 2943 762 3013 Nam
782 2939 844 3010 udi
869 2937 945 3036 eJits
967 2940 1228 3010 sanctissimum
1251 2959 1378 3031 corpus

256 3084 272 3118 n
287 3054 495 3127 collocatum
508 3058 577 3148 sit,
590 3056 697 3154 plus,
714 3056 887 3150 inquiunt,
903 3053 1008 3153 elegit
1024 3052 1200 3124 sobrietas
1213 3049 1380 3120 Ecclesiae

256 3199 273 3234 a
289 3174 512 3267 cumpe'etate
525 3173 671 3264 nescire,
688 3197 796 3270 quam
813 3168 1072 3268 quidsriuolum
1088 3184 1123 3238 et
1138 3164 1380 3262 apocrypdum

258 3317 274 3351 a
290 3285 372 3356 anile
398 3287 545 3359 tenendo
563 3285 698 3358 docere.
722 3286 789 3358 Sed
812 3286 876 3354 hoe
902 3277 1016 3379 aperte
1037 3263 1264 3380 pugnat⁸eum
1283 3305 1380 3350 ¹conr·

259 3406 383 3473 «muni
403 3431 501 3474 sensu
520 3403 685 3490 Ecclesiae,
701 3418 739 3472 ut
758 3415 889 3472 constat
904 3425 945 3470 ex
963 3399 1113 3469 omniunt
1134 3393 1297 3480 fidelium,
1311 3410 1380 3465 tarn

259 3548 274 3580 a
294 3519 496 3612 simplicium
512 3545 613 3614 quarn
634 3519 835 3614 sapientum,
852 3529 964 3585 mente
980 3530 1014 3586 et
1033 3507 1201 3594 sermone,
1213 3526 1246 3580 et
1260 3509 1380 3579 inscri-

185 3711 188 3716 .
259 3663 274 3696 a
293 3634 408 3727 ptione
433 3636 578 3703 Romani
597 3632 831 3730 Martyrologii
858 3658 897 3700 ac
918 3623 1072 3720 missalis,
1094 3655 1132 3698 ex
1157 3627 1271 3727 officio
1293 3623 1383 3693 illius

260 3747 356 3816 «diei
376 3747 410 3816 in
434 3749 574 3818 introitu
594 3749 703 3818 missae
722 3763 755 3816 et
773 3749 846 3818 aliis
865 3746 1060 3841 antiphonis
1080 3760 1111 3814 et
1135 3739 1327 3826 versiculiS,
1348 3741 1382 3808 in

260 3892 276 3924 «
293 3863 416 3957 quibus
443 3889 528 3959 saepe
560 3865 679 3960 repetit
705 3868 743 3933 B.
779 3863 957 3959 Virginem
983 3874 1188 3955 assumptam
1218 3856 1320 3927 luisse
1348 3857 1383 3924 in

261 3977 429 4048 «coelum.
456 3983 575 4076 Neque
597 3994 647 4049 est
677 3977 856 4049 verisimile
874 3973 1062 4070 intelligere
1091 3975 1132 4044 de
1152 3971 1385 4066 assumptione

263 4123 279 4156 «
297 4093 400 4164 solius
413 4096 551 4187 aniane,
571 4112 697 4168 tum...
716 4125 734 4162 n
755 4096 810 4192 (in
829 4095 878 4162 111
896 4105 1026 4186 partein
1043 4089 1113 4159 divi
1126 4089 1311 4174 Tlrornae,t.
1332 4087 1387 4175 ΙΙ,

259 4209 385 4305 disput.
408 4237 491 4300 xxi,
513 4228 594 4283 sect.
620 4209 674 4306 a).
839 4306 841 4311 Ι

312 4326 405 4398 «Sed
419 4352 561 4422 quaeres,
577 4351 642 4420 qua
654 4322 855 4394 certitudine
868 4321 939 4392 lraec
950 4317 1223 4393 veritastenrnda
1243 4317 1304 4415 sit(
1312 4317 1354 4415 a).
1367 4348 1386 4383 n

300 4470 334 4545 (t)
354 4469 452 4541 Nempe
462 4465 493 4525 B.
507 4465 621 4539 Virginis
634 4465 773 4539 assumptio
786 4463 940 4536 incorpore.
