2978 5076
243 361 315 436 252
705 385 911 434 aeternus

241 510 420 608 abrogatas
432 512 533 588 luisse
551 512 616 584 dici
631 527 755 608 potest.
771 515 925 608 Suppoui
940 513 1030 584 enim
1049 515 1169 609 nequit
1185 539 1372 586 consensus

243 629 365 699 tacitus
387 627 588 721 Apostolicre
614 628 701 698 sedis
720 629 762 698 de
785 628 992 724 abrogandis
1018 629 1186 724 predictis
1204 633 1372 700 constitu-

244 744 407 830 tionibus,
422 743 504 812 dum
517 747 553 814 S.
568 742 713 814 Rituum
726 745 970 839 Congregatio,
985 744 1029 814 ab
1051 744 1168 816 eadem
1186 745 1264 815 sede
1285 749 1376 840 Apo·

210 879 212 882 ·
244 859 363 929 stolica
375 859 573 929 institutain
587 859 680 930 hunc
698 859 801 930 finem
818 875 858 930 ut
870 859 959 955 leges
975 859 1149 956 liturgicus
1165 877 1259 930 recte
1275 859 1376 930 intel·

244 971 304 1068 ligi
342 988 376 1042 et
407 989 564 1044 accurate
592 976 765 1046 observari
804 990 975 1070 procuret,
1005 999 1158 1068 expresse
1188 975 1241 1044 lris
1271 975 1374 1044 etiam

244 1085 372 1158 ultimis
394 1089 492 1158 annis
518 1087 703 1160 declaravit
728 1089 861 1160 easdem
881 1092 918 1160 S.
956 1091 1006 1160 Pii
1030 1091 1061 1160 V
1084 1105 1117 1158 et
1138 1089 1271 1162 Urbani
1291 1091 1376 1160 Vttl

243 1203 502 1274 constitutiones
522 1206 561 1274 in
579 1230 645 1276 suo
679 1204 803 1276 robore
818 1229 1052 1302 permenam
1075 1206 1172 1299 atqui
1198 1206 1244 1274 ita
1264 1203 1378 1273 ‹leola-

243 1331 356 1390 ratum
375 1317 477 1388 luisse
499 1334 631 1390 constat
657 1345 697 1388 ex
723 1320 920 1391 authentica
937 1317 1139 1390 collectione
1157 1318 1376 1388 Gardelliana

244 1436 284 1526 (t.
299 1436 394 1522 vltt,
411 1458 445 1528 p
469 1434 560 1531 177),
581 1435 640 1504 ubi
660 1435 734 1504 haec
755 1438 924 1532 reperitur
944 1433 987 1504 ad
1008 1432 1222 1506 cardinalem
1238 1436 1378 1529 Episco-

246 1573 330 1643 pum
347 1549 593 1620 Novariensem
613 1552 810 1645 responsio:

295 1696 312 1728 «
327 1668 600 1738 Eminentissime
627 1683 662 1739 et
683 1668 958 1740 reverendissime
983 1670 1131 1740 Domine
1151 1669 1380 1738 observantis·

246 1779 361 1848 «sime
377 1821 426 1833 -
445 1785 626 1853 Sacrorum
638 1785 780 1854 Rituum
803 1785 1070 1881 Congregatioui
1089 1784 1230 1882 supplex
1249 1785 1381 1854 exhibi-

247 1923 265 1958 α
281 1908 334 1964 tus
360 1894 426 1964 fuit
453 1895 589 1968 libellus
612 1923 676 1993 pro
698 1915 795 1994 parte
822 1901 1006 1970 sacerdotis
1034 1901 1158 1994 loseph
1190 1900 1232 1969 de
1250 1899 1380 1968 Vecclri

245 2038 263 2074 a
279 2012 522 2083 caeremoniarii
553 2013 652 2086 istius
683 2014 885 2084 cathedralis
911 2015 1141 2101 Novariensis,
1175 2029 1210 2084 et
1240 2014 1381 2084 rectoris

249 2152 267 2188 a
279 2124 481 2195 Kalendarii
499 2127 673 2216 dioecesis;
689 2130 748 2222 qui
763 2129 941 2199 advertens
952 2129 995 2198 ab
1007 2153 1099 2198 anno
1126 2127 1216 2224 1788
1234 2127 1278 2196 ad
1291 2128 1382 2196 hane

249 2265 393 2334 «usque
416 2241 518 2328 diem,
542 2242 724 2334 breviaria,
754 2245 856 2313 lroms
888 2243 1038 2333 diurnas,
1072 2241 1233 2334 missalia,
1267 2241 1382 2312 officia

248 2357 389 2425 «Beata
411 2359 531 2428 Mariae
549 2359 713 2452 Virginis,
742 2358 854 2430 officia
882 2357 1110 2430 Hebdomada
1133 2359 1283 2453 majoris,
1301 2381 1378 2450 quar

247 2498 265 2534 a
279 2469 392 2540 denuo
411 2471 514 2567 praelo
529 2473 747 2564 mandantur,
772 2499 842 2544 non
860 2475 1034 2544 continere
1061 2473 1310 2545 ordinariorum
1329 2484 1368 2540 at

250 2617 267 2654 a
284 2589 478 2656 testationes
492 2589 588 2681 queis
610 2587 815 2676 declaretur,
838 2590 909 2658 haee
942 2586 1144 2682 exemplaria
1172 2587 1384 2658 concordare

248 2731 265 2766 a
282 2725 361 2772 cum
375 2702 427 2771 lris
440 2727 515 2796 quae
534 2703 589 2772 hic
606 2705 722 2772 Rome
739 2718 821 2774 sunt
839 2705 1000 2798 impressa
1027 2702 1071 2774 ad
1098 2702 1249 2772 tramites
1272 2700 1384 2772 bulla·

249 2845 266 2880 a
280 2842 355 2886 rum
373 2819 479 2886 saneti
498 2819 548 2886 Pii
568 2821 612 2906 V,
636 2816 819 2890 Clementis
837 2822 933 2906 Vlll,
962 2833 996 2888 et
1024 2818 1159 2888 Urbani
1184 2820 1280 2904 Vlll,
1307 2841 1384 2910 quae

249 2933 316 3002 ein
333 2933 446 3004 fronte
465 2934 624 3004 breviarii
643 2935 788 3004 Romani
810 2936 1044 3029 reperiuntur,
1063 2931 1258 3028 postulabat
1274 2931 1385 3004 decla·

248 3075 266 3112 e
280 3049 360 3135 rari,
376 3064 490 3118 utrum
506 3049 701 3120 etiamnunc
714 3051 841 3120 servari
858 3050 1004 3120 debeant
1021 3050 1194 3118 recensitas
1215 3048 1384 3118 constitu·

250 3163 391 3234 «tiones
406 3165 603 3259 pontificiae,
618 3180 704 3235 etan
722 3180 985 3260 transgressores
1004 3189 1120 3261 poeoas
1137 3164 1221 3234 inibi
1238 3162 1385 3234 inflictas

249 3305 267 3342 e
282 3278 512 3351 incurrant...
538 3284 639 3352 Sacra
661 3306 742 3350 vero
767 3283 997 3376 Congregatio
1027 3282 1062 3350 in
1088 3279 1263 3350 ordinario
1295 3293 1384 3350 coetu

249 3394 323 3464 aad
346 3397 549 3468 Vaticanum
571 3396 625 3466 die
645 3397 786 3468 inferius
805 3398 914 3490 posita
940 3396 1143 3482 coadunata,
1167 3395 1285 3466 audita
1302 3392 1386 3464 rela-

250 3537 269 3576 ιι
284 3512 377 3580 tione
409 3511 453 3582 ab
482 3512 716 3607 infrascripto
745 3513 930 3582 secretario
956 3512 1056 3601 facta,
1074 3511 1233 3582 omnibus
1253 3525 1385 3580 mature

253 3627 469 3719 «perpensis,
506 3643 730 3722 accurateque
756 3627 993 3717 consideratis,
1029 3626 1239 3698 Eminentia*
1268 3641 1386 3696 vestrae

254 3741 503 3811 ascribendum
519 3768 589 3812 csse
610 3743 742 3812 censuit
760 3768 800 3812 ac
817 3741 981 3814 declarari
1001 3769 1010 3812 ε
1027 3741 1238 3832 Pontfict'os
1256 3740 1385 3810 consti·

251 3881 269 3918 a
283 3857 434 3926 tracones
451 3856 491 3927 iu
507 3881 572 3928 suo
595 3855 717 3928 robore
727 3881 957 3954 permanere,
982 3872 1018 3928 et
1039 3854 1190 3926 abusum
1211 3881 1283 3926 uon
1310 3879 1385 3924 esse

250 3997 267 4032 α
282 3969 519 4042 tolerandum.
533 3977 611 4044 llaec
625 3972 775 4067 ejusdem
789 3976 900 4044 Sacrae
917 3971 1199 4067 Congregationis
1212 3969 1383 4052 mandata,

255 4081 521 4158 aluberrtissimo
542 4089 657 4158 animo
679 4088 761 4158 dum
781 4111 944 4181 exequor,
964 4087 1166 4158 Eminentia
1182 4101 1303 4155 vestrm
1318 4107 1386 4154 ma·

255 4220 354 4270 enus
370 4201 558 4272 humillime
577 4202 766 4274 deosculor.
786 4207 902 4274 Romae
925 4227 945 4300 7
964 4201 1080 4296 aprilis
1103 4199 1207 4272 1832
1225 4201 1386 4270 Eminen-

252 4315 416 4384 «tissime
439 4331 473 4386 et
495 4318 786 4388 Reverendissimo
810 4321 855 4388 D.
878 4317 980 4390 Cardi
972 4315 1052 4386 nali
1075 4315 1246 4411 Episcopo
1272 4319 1385 4420 Nova·

254 4430 433 4500 ariensi.»
