3004 5070
635 303 754 433 innan.
1183 360 1253 434 335

1214 510 1259 557 Peg.

204 575 349 640 Propositr'o
371 572 408 626 2³.
433 570 483 624 Per
503 570 577 643 plura
597 571 689 625 saeeula
712 572 799 644 (idest
814 589 894 644 usque
909 571 941 624 ed
959 569 1091 626 Urbanum
1111 571 1180 645 VIII)

240 661 312 714 seiles
321 659 468 734 Apostolica
480 660 601 714 festorum
609 659 640 714 de
649 669 775 734 precepto
785 658 884 714 dierum
893 660 1079 714 institutionem
1090 669 1115 714 et
1127 681 1186 734 sup-

238 751 394 823 pressionem
410 749 441 802 de
452 749 518 803 Iacto
533 749 581 803 sibi
595 769 646 804 non
656 751 791 804 reservavit
797 787 1180 803 ......................
1204 749 1257 804 510

204 845 350 908 Ρνορο51115
370 840 408 893 5·.
428 839 495 893 Ante
512 839 607 893 bullum
623 839 721 894 Urbani
733 839 792 894 VIII
806 847 874 893 certo
887 847 1004 912 poterant
1020 839 1140 914 Episcopi
1159 840 1186 893 in

240 929 291 982 suis
305 928 454 982 dioecesihus
469 929 532 982 festa
544 928 576 983 de
588 935 715 1003 praecepto
726 929 875 982 instituere:
894 927 920 980 id
935 915 1019 981 tamen
1032 928 1187 1000 probabilius

240 1036 290 1070 nou
303 1025 420 1090 poterant
430 1017 525 1089 absque
537 1017 642 1090 capituli
653 1017 743 1070 saltem
758 1034 882 1070 consensu
894 1035 901 1068 ι
914 1015 978 1069 festa
987 1023 1072 1070 autem
1083 1017 1186 1088 episco-

240 1106 293 1179 pali
309 1106 457 1178 auctoritate
473 1107 509 1160 sic
524 1105 637 1171 inducta,
655 1113 772 1178 poterant
785 1104 906 1178 Episcopi
917 1104 1011 1177 absque
1027 1105 1105 1159 ullius
1123 1124 1186 1160 con·

240 1213 314 1248 sensu
327 1194 449 1266 abrogare
455 1230 1182 1252 .........................................
1204 1194 1257 1248 511

204 1290 352 1352 Proposltio
361 1285 399 1341 4¹.
412 1285 473 1340 Post
486 1284 580 1338 bullam
596 1283 693 1338 Urbani
703 1283 762 1338 VIII
777 1284 831 1357 jem
846 1301 896 1337 nou
913 1290 1050 1356 potuerunt
1066 1302 1112 1337 nec
1124 1304 1188 1358 pos-

242 1386 301 1432 sunt
317 1377 451 1451 Episcopi,
468 1381 544 1432 etiam
563 1396 622 1431 cum
639 1377 730 1450 populi
747 1384 772 1430 et
784 1377 846 1430 cleri
863 1394 996 1443 consensu,
1013 1376 1075 1430 Iesta
1091 1377 1143 1430 ulla
1154 1377 1185 1432 de

241 1476 381 1541 precepto,
395 1487 440 1541 per
455 1487 511 1522 eam
527 1469 624 1522 bullam
644 1476 687 1521 aut
704 1486 750 1541 per
764 1467 943 1540 subsequentes
956 1466 1022 1522 sedis
1037 1467 1186 1540 Apostolicae

240 1556 409 1612 ordinationes
422 1559 582 1631 prescripta,
598 1558 625 1610 in
639 1557 690 1611 suis
704 1556 853 1610 dioeresihus
866 1556 987 1629 abrogare
993 1595 1182 1615 ...........
1204 1557 1258 1613 511

205 1651 351 1713 Proposltr'o
363 1646 400 1700 δ’.
415 1645 485 1718 Ergo
495 1646 628 1718 illegitima
636 1653 662 1699 51
670 1644 780 1717 lugenda
790 1645 840 1699 suit
849 1654 905 1719 post
914 1645 1010 1699 bullam
1021 1645 1118 1700 Urbani
1127 1645 1186 1702 VIII

240 1734 384 1808 suppressio
399 1734 567 1807 quorumdam
584 1733 615 1788 de
630 1742 756 1807 precepto
772 1734 894 1788 festorum
906 1734 933 1787 in
947 1754 977 1788 en
994 1735 1064 1788 bulla
1078 1743 1188 1790 statuto-

241 1843 315 1896 rum,
331 1824 435 1898 propria
446 1825 596 1879 auctoritate
608 1823 784 1896 equibusdam
795 1823 885 1878 Galliae
900 1824 1033 1897 Episcopis
1045 1832 1177 1881 attentata.
1198 1825 1251 1882 515

206 1919 353 1983 Proposttr'o
364 1913 401 1978 δ’.
416 1913 474 1968 Post
491 1913 586 1968 bullum
605 1919 729 1967 Universa
739 1912 837 1967 Urbani
850 1912 923 1979 VIII,
940 1913 1061 1988 Episcopi
1075 1922 1189 1986 potesta-

240 2011 292 2058 tem
304 2023 356 2057 non
370 2003 465 2058 habeut
485 2003 624 2058 novalesio
638 2003 670 2057 de
681 2010 807 2076 praecepto
822 2003 970 2056 instituendi
982 2003 1009 2056 in
1021 2003 1073 2058 suis
1089 2003 1188 2059 dicece-

239 2093 1184 2151 srbus
1206 2093 1259 2150 517

201 2187 345 2250 Propositio
367 2181 402 2236 7¹.
420 2181 489 2254 Ergo
510 2200 555 2255 per
573 2180 671 2235 bullam
696 2186 821 2235 Universa
844 2179 940 2235 Urbani
958 2179 1033 2252 VIII,
1054 2181 1186 2255 Episcopis

238 2271 351 2325 ablatum
367 2271 415 2324 fuit
432 2278 457 2324 et
473 2270 527 2324 sedi
545 2270 697 2343 Apostolicae
713 2278 870 2325 reservatum
885 2273 964 2326 totuin
979 2270 1024 2343 jus
1038 2271 1186 2344 liturgicum

238 2361 305 2414 circa
322 2360 384 2414 festa
398 2359 429 2414 de
444 2367 569 2433 precepto
584 2359 740 2414 instituenda
755 2360 793 2414 rel
809 2359 954 2432 abroganda
959 2397 1181 2418 .............
1205 2361 1259 2417 510

202 2456 347 2520 Proposltr'o
363 2453 400 2506 8¹.
417 2451 538 2525 Princeps
552 2447 678 2506 saecularis
689 2452 752 2505 festa
766 2450 797 2505 de
810 2459 937 2525 praecepto
951 2470 1033 2525 neque
1043 2452 1185 2522 instituere,

236 2560 319 2614 neque
338 2541 459 2612 abrogare
473 2550 557 2615 potest
562 2579 1181 2601 ...................................
1204 2542 1253 2600 511

131 2631 279 2686 Tancrnrus
292 2647 438 2685 conclusio.
454 2629 512 2696 Qun
525 2631 557 2684 de
575 2649 650 2684 cause
662 2630 795 2684 omittatur
810 2629 971 2703 particularis
988 2631 1125 2704 applicatio
1140 2630 1185 2685 do-

168 2720 255 2773 515155
266 2719 384 2792 exposite
396 2718 428 2772 ad
440 2727 590 2792 praesentem
604 2719 629 2773 in
643 2718 794 2792 quibusdam
809 2719 954 2790 regionibus
965 2719 1126 2792 liturgiarum
1134 2729 1188 2775 sta-

169 2817 235 2862 tum.
254 2845 1181 2865 .....................................................
1204 2809 1258 2864 511

135 2898 270 2952 Decretum
288 2917 364 2952 sacrae
386 2898 595 2970 congregationis
611 2898 706 2952 rituum
724 2899 792 2952 circa
812 2896 961 2952 hodiernum
975 2898 1087 2952 ecelesiae
1102 2899 1188 2954 Ceno·

167 2988 292 3043 manensis
306 2987 436 3060 liturgiam
439 3022 1180 3046 ..........................................
1203 2988 1257 3044 515

591 3562 666 3607 FINIS
685 3561 802 3608 mulces,
