3004 5070
476 403 522 449 nn
542 401 631 449 runs
654 387 862 450 orruncrco.
1158 384 1230 481 ²73

108 555 208 626 supra
228 527 263 599 in
284 521 514 625 propositione
532 527 568 598 δ’
588 528 788 622 paragraphi
805 514 955 619 seeundi,
967 513 1233 627 ⁴probatumest

109 646 215 742 legem
232 647 368 714 Pianarn
385 643 500 738 quoad
515 643 619 712 dietas
640 643 795 713 ecclesius
810 646 873 714 sub
888 649 982 740 gravi
998 641 1233 744 obligatoriam

108 762 228 847 fuisse3
251 775 283 832 et
302 758 356 829 lex
379 758 435 829 illa
459 783 613 853 expresse
630 759 830 853 prohibebat
851 763 988 831 retineri
1011 765 1178 835 breviaria
1200 781 1236 834 et

108 874 254 946 missalia
272 875 426 944 ducentis
440 876 538 943 anuis
554 899 621 942 nou
638 875 851 969 antiquiora3
866 901 947 972 ergo
963 877 1020 972 qui
1039 879 1137 948 initio
1150 877 1231 950 huic

111 989 175 1085 legi
196 1015 265 1061 non
282 991 573 1085 obtemperarunt,
589 991 736 1084 grauiter
750 1005 985 1086 peecaverunt.
1002 985 1103 1082 erotl
1118 1008 1234 1090 tamen

110 1106 313 1200 intelligitur
333 1102 458 1174 seclusa
483 1105 572 1173 bona
595 1103 674 1173 fide.
701 1106 736 1174 si
756 1119 867 1174 autern
895 1104 1022 1200 aliquid
1043 1107 1234 1203 hujusmodi

109 1220 234 1290 alieubi
249 1220 384 1309 accidit,
405 1244 577 1290 exerrare
599 1235 632 1290 et
659 1221 747 1289 bona
769 1220 834 1289 fide
849 1221 974 1291 tactum
995 1222 1097 1293 tuisse
1111 1249 1237 1320 suppo·

110 1336 260 1404 nendum
276 1351 336 1404 est.

160 1455 337 1536 Praeterea,
360 1449 409 1520 illi
430 1451 578 1545 graviter
598 1463 838 1543 peccaverunt,
865 1451 922 1544 qui
950 1450 1111 1521 horarum
1135 1479 1239 1523 cano-

111 1569 264 1636 nicarum
284 1564 482 1658 obligationi
508 1564 647 1634 minime
663 1563 917 1651 satisfecernnt3
936 1549 1029 1658 atqui
1052 1566 1236 1637 retinentes

111 1680 269 1750 breviarii
290 1679 471 1749 formulam
492 1678 643 1748 ducentis
658 1678 756 1747 annis
782 1703 849 1746 non
873 1680 1116 1773 antiquiorem,
1137 1681 1234 1752 dictae

112 1795 310 1889 obligationi
335 1819 403 1864 non
426 1793 677 1881 satisfecernut3
698 1818 773 1862 curu
797 1793 849 1862 lex
874 1779 978 1864 Piaua
1001 1796 1046 1864 ita
1072 1797 1235 1868 breviaria

113 1910 301 1982 istiusmodi
315 1907 535 1995 annullasset,
551 1922 588 1976 nt
601 1911 675 2008 jam
692 1933 759 1976 nun
777 1924 886 2002 posset
903 1935 963 2002 per
982 1911 1052 2005 ipsa
1066 1913 1233 1984 satisfieri.

158 2025 388 2096 Confirmatur
405 2049 443 2092 ex
462 2025 635 2092 communi
652 2023 830 2092 doctorum
846 2027 1022 2111 sententia,
1040 2026 1080 2094 ‹le
1102 2051 1167 2120 qua
1184 2055 1236 2097 sa·

113 2142 158 2208 tis
168 2145 300 2208 eortslat
311 2163 350 2208 ex
365 2138 566 2209 testimoniis
580 2138 642 2206 snb
659 2138 768 2230 primo
783 2137 884 2231 liujus
896 2139 1014 2232 capitis
1025 2133 1236 2236 paragrapho

112 2252 271 2330 collectis.

162 2370 349 2464 Propositia
367 2366 416 2439 3¹.
442 2367 620 2438 Bruoiario
632 2381 668 2436 et
684 2367 847 2436 missalia
867 2366 1025 2438 diruentis
1047 2373 1153 2439 orrur's
1167 2397 1237 2442 nou

113 2487 326 2582 antiquiora,
349 2500 385 2555 et
404 2497 526 2553 contra
544 2481 790 2578 praescriptum
806 2484 961 2553 Pionum
980 2501 1136 2574 retento,
1166 2513 1238 2557 non

108 2598 212 2692 foetu
236 2614 322 2668 sunt
343 2595 593 2670 eonsaeeernctine
618 2599 690 2667 sive
709 2600 977 2695 praescriptione
1002 2601 1169 2700 legitimo.
1190 2646 1240 2700 -ss

119 2715 156 2786 r⁰
177 2713 394 2784 Consuetudo
408 2737 484 2806 quae
502 2711 708 2782 eonsiderata
732 2738 809 2781 ctam
827 2715 1090 2785 circumstantiis
1108 2719 1238 2813 abipsa

115 2849 290 2924 nurrqnant
314 2829 488 2922 sejunctis,
514 2852 618 2923 prava
645 2842 695 2896 est
715 2841 748 2896 et
774 2843 935 2920 tauquam
962 2829 1152 2924 corruptela
1175 2831 1239 2902 ha·

116 2945 237 3031 beuda,
256 2943 348 3013 uullo
368 2959 517 3037 tempore
532 2939 680 3034 legitime
694 2954 810 3008 eontra
826 2938 929 3034 legem
947 2943 1163 3036 praescribere
1176 2970 1239 3039 po·

117 3077 203 3147 tast;
229 3060 323 3152 atqui
347 3057 421 3128 talis
449 3071 499 3126 est
524 3055 736 3124 cousuetudo
759 3054 800 3122 de
824 3079 890 3148 qua
914 3056 1045 3149 agiruus
1063 3083 1072 3125 τ
1092 3083 1237 3153 pravum

115 3191 165 3246 est
178 3176 267 3244 euim
284 3189 400 3243 contra
418 3171 522 3268 legem
533 3168 687 3239 Ecclesiae
705 3170 850 3238 retinere
860 3168 1027 3264 liturgias,
1045 3197 1128 3266 quus
1143 3175 1238 3244 sedes

119 3291 309 3387 apostoliea
328 3287 532 3385 periculosas
550 3286 735 3380 judicavit3
755 3287 849 3378 atqui
874 3284 968 3355 sedes
986 3288 1176 3382 Apostolica
1197 3289 1242 3359 li-

117 3409 245 3502 turgias
268 3405 423 3476 ducentis
447 3405 543 3474 annis
569 3427 636 3474 ison
664 3401 892 3494 antiquiores,
921 3415 1039 3496 utpote
1066 3397 1144 3473 non'
1161 3407 1242 3476 satis

117 3538 221 3611 tutas,
237 3521 384 3591 sublatus
397 3518 517 3589 voluit.
536 3521 622 3589 lteur
637 3541 781 3612 pravum
799 3531 849 3586 est
860 3516 1023 3612 impedire
1034 3543 1076 3588 ue
1090 3521 1241 3590 obtinea-

117 3654 175 3710 tur
205 3635 261 3707 illa
289 3635 444 3728 liturgica
475 3634 588 3704 unitas
614 3656 715 3726 quarn
742 3629 836 3700 sedes
857 3631 1047 3725 Apostoliea
1077 3633 1242 3728 judicavit

119 3753 270 3826 Ecclesiae
282 3751 425 3822 maxime
441 3749 672 3844 profuturam3
686 3747 779 3841 atqui
793 3747 887 3815 seiles
901 3746 1093 3842 Apostoliea
1107 3749 1151 3817 ita
1163 3775 1243 3818 cen·

117 3871 184 3940 suit
200 3869 361 3941 unitatem
382 3864 572 3961 liturgicum
587 3889 660 3932 esse
675 3861 905 3932 stabiliendam
914 3917 925 3948 ,
941 3876 980 3931 ut
993 3863 1035 3932 ab
1054 3888 1091 3931 ea
1108 3866 1178 3933 exui
1183 3892 1243 3961 pe·

117 3999 238 4056 rentur
265 3996 396 4052 tanturn
426 3979 571 4074 liturgiae
600 3978 754 4046 diruentis
779 3977 876 4047 annis
906 3979 1127 4071 antiquiores.
1158 3985 1244 4052 Duae

118 4115 230 4170 autem
250 4097 314 4166 ittae
329 4098 509 4193 pravitates
524 4095 669 4189 liturgiis
686 4093 908 4161 dircentortun
929 4117 1095 4164 annorum
1116 4121 1246 4190 posses·

117 4217 213 4285 sione
234 4201 442 4299 minoribus,
467 4226 502 4281 et
523 4209 726 4280 atteteritute
746 4208 876 4302 privata
905 4207 1070 4303 cujusque
1095 4211 1241 4280 ecelesiae

119 4343 237 4400 contra
256 4325 363 4423 legem
379 4325 585 4421 pontificiam
598 4313 750 4407 retentis,
764 4345 897 4416 semper
912 4322 1137 4393 inhaerebunt.
1153 4329 1242 4422 Ergo

117 4442 331 4522 constretmlo
344 4465 400 4512 eas
415 4440 565 4536 liturgias
580 4438 745 4518 retinendi
762 4461 894 4534 semper
911 4437 1125 4534 aliquatenus
1140 4463 1244 4536 prava

1031 4557 1071 4626 18
