2978 5076
505 369 550 413 un
576 367 665 414 sune
690 368 894 418 arruncrco.
1192 361 1260 456 ¹73

132 493 307 589 liturgiam
331 498 450 564 Romae
478 491 664 584 vigentem,
694 491 818 562 relictis
837 493 1100 587 diversitatibus,
1119 523 1181 593 pro
1200 529 1259 574 sua
1287 577 1299 600 ·

132 609 283 680 habeant
301 621 407 701 atque
430 604 614 700 diligenter
644 605 825 676 observent
847 636 855 678 ε
876 635 895 672 c
912 609 948 678 si
974 609 1126 682 instituta
1151 615 1273 688 ecclei

134 754 153 789 ι
171 723 324 812 siastica,
343 736 383 791 ut
394 736 477 792 sunt
494 747 514 792 a
532 722 638 792 beatis
652 720 814 818 apostolis
834 724 973 813 tradita,
987 726 1119 822 integra
1132 730 1260 804 vellent

134 867 153 906 e
173 862 307 908 servare
315 836 457 907 Domini
473 836 675 928 sacerdotes,
692 835 787 906 nulla
807 836 994 927 divensium,
1010 839 1103 912 nulla
1116 847 1261 920 varietas

117 989 152 1051 'a
170 955 204 1022 in
224 954 305 1050 ipsis
324 951 502 1024 ordinibus
516 967 551 1022 et
569 953 881 1024 consecrationibus
894 953 1085 1028 haberetur.
1101 961 1166 1032 sed
1179 961 1260 1036 dum

133 1100 153 1136 a
171 1070 406 1164 unusquisque
428 1094 498 1138 non
514 1068 607 1166 quod
620 1069 783 1140 traditum
802 1083 870 1158 est,
889 1069 945 1138 sed
965 1072 1056 1166 quod
1070 1074 1133 1143 sibi
1151 1077 1260 1148 visum

135 1183 298 1272 afuerit,
325 1185 391 1254 hoc
407 1184 551 1256 astiinat
569 1208 639 1254 esse
663 1178 867 1271 tenendum,
892 1183 972 1256 inde
995 1185 1126 1256 diversa
1150 1189 1185 1258 in
1210 1192 1263 1262 di-

134 1330 153 1366 a
173 1299 279 1370 versis
295 1297 377 1370 locis
395 1297 451 1368 vel
465 1296 612 1368 ecclesiis
631 1314 691 1368 aut
712 1300 818 1370 teneri
836 1315 895 1369 aut
910 1298 1071 1370 celebrari
1085 1303 1260 1398 videntur3

134 1445 153 1481 a
170 1439 213 1485 ac
236 1414 275 1484 lit
298 1413 494 1486 scandalum
518 1413 672 1512 populis,
694 1417 752 1510 qui
777 1416 859 1488 dum
879 1418 1034 1488 nesciunt
1061 1421 1262 1494 traditiones

133 1559 153 1596 α
173 1530 331 1626 antiquas
357 1530 505 1600 humana
535 1531 797 1627 presumptione
827 1547 1022 1626 corruptas,
1045 1550 1167 1629 putent
1195 1539 1260 1610 sibi
1318 1561 1322 1570 ⁴

134 1673 153 1710 a
174 1659 235 1714 aut
253 1643 406 1716 ecclesias
422 1670 492 1716 non
513 1646 715 1732 convenire,
734 1660 794 1718 aut
810 1647 853 1718 ab
875 1647 1036 1743 apostolis
1055 1649 1106 1720 vel
1129 1668 1263 1748 aposto·

134 1790 154 1828 a
175 1759 247 1830 licis
266 1761 646 1832 viris'contrarietatem
677 1761 862 1832 inductam.
896 1764 984 1854 Quis
1013 1767 1101 1834 enim
1134 1770 1261 1838 nesciat

134 1906 153 1944 a
173 1891 234 1946 aut
247 1874 510 1963 non-advertat,
528 1875 563 1946 id
579 1876 673 1970 quod
693 1901 712 1946 a
731 1877 883 1972 principe
904 1879 1137 1973 apostolorum
1160 1886 1260 1954 Petro

135 2020 155 2058 a
174 1995 336 2062 Romanae
353 1989 511 2064 Ecclesiae
526 1991 688 2064 traditum
714 2005 764 2060 est
775 2042 785 2080 ,
804 2016 843 2060 ac
869 2016 962 2062 nunc
985 2017 1092 2088 usque
1106 1996 1259 2066 custodi·

136 2135 154 2170 a
174 2122 244 2196 tur,
260 2106 302 2176 ab
319 2106 478 2175 omnibus
499 2106 621 2177 debere
640 2107 782 2196 servari3
798 2131 860 2175 nec
873 2107 1052 2200 superduci
1072 2125 1131 2178 aut
1150 2112 1260 2182 intro·

136 2250 156 2288 α
174 2221 253 2292 duci
268 2220 396 2315 aliquid
416 2221 508 2315 quod
529 2222 766 2292 auctoritatem
789 2245 857 2289 non
883 2220 1022 2309 babeat,
1044 2237 1104 2291 aut
1122 2222 1261 2296 aliunde

136 2367 154 2404 a
175 2338 328 2433 accipere
346 2336 504 2406 videatur
530 2329 746 2432 exemplum?
765 2335 954 2404 Prmsertim
979 2339 1056 2404 cum
1084 2337 1129 2408 sit
1153 2340 1262 2408 mani·

136 2483 155 2518 a
176 2453 299 2524 festum
319 2453 354 2523 in
381 2429 694 2539 auscultabam,
720 2450 862 2541 Gallias,
892 2453 1090 2546 Hispanias,
1114 2453 1259 2526 Africam

137 2598 154 2633 a
174 2583 278 2664 atque
300 2566 445 2648 Siciliam
461 2581 494 2636 et
510 2565 635 2636 insulas
654 2567 902 2662 interjacentes,
924 2566 1059 2638 nullum
1079 2569 1263 2642 instituisse

136 2712 154 2748 a
174 2679 348 2770 ecclesias,
371 2681 436 2756 uisi
462 2704 522 2763 eos
545 2701 630 2775 quos
650 2680 852 2750 venerabilis
868 2681 1042 2776 apostolus
1061 2687 1181 2758 Petrus
1201 2703 1262 2756 aut

138 2826 155 2864 c
173 2797 249 2892 ejus
269 2821 473 2868 successores
489 2797 727 2868 constituerint
746 2796 949 2869 sacerdotes.
972 2803 1041 2866 Aut
1059 2797 1172 2894 legant
1184 2801 1211 2872 si
1227 2803 1261 2870 in

138 2912 229 2982 ubis
261 2911 444 3007 provinciis
473 2907 558 2980 alius
589 2911 823 3006 apostolorum
851 2914 1022 2982 invenitur
1051 2929 1110 2981 aut
1137 2913 1264 3008 legitur

137 3057 154 3092 a
174 3028 340 3098 docuisse.
373 3027 442 3119 Qui
461 3026 491 3104 ,si
512 3051 581 3098 uon
600 3027 735 3122 legunt,
762 3028 842 3122 quia
870 3050 1036 3121 nusquam
1059 3028 1261 3122 inveniunt,

137 3157 308 3242 «oportet
324 3167 381 3212 cos
398 3141 464 3212 boc
484 3141 578 3235 sequi
597 3141 691 3236 quod
710 3142 858 3238 Ecclesia
880 3146 1032 3213 Romana
1059 3144 1225 3235 custodit,
1243 3172 1263 3218 a

137 3283 240 3356 «qua
259 3281 317 3332 eos
343 3257 548 3354 principium
566 3259 733 3352 accepisse
754 3284 825 3333 non
853 3258 996 3328 dubium
1016 3273 1082 3348 cst;
1101 3285 1155 3348 nc,
1180 3255 1261 3332 dum

136 3373 364 3473 «peregrinis
381 3374 621 3452 assertionibus
646 3374 801 3462 student,
818 3389 921 3470 caput
942 3373 1196 3444 institutionum
1215 3376 1264 3442 vi-

137 3491 322 3562 c'deantur
339 3492 507 3562 omittere.
521 3495 628 3586 Saepe
647 3489 859 3562 dilectionem
880 3505 971 3560 tuam
993 3489 1035 3558 ad
1058 3489 1183 3559 Urbem
1205 3514 1262 3559 ve·

138 3633 155 3670 a
175 3606 277 3692 nisse,
290 3630 330 3674 ac
341 3605 518 3680 ,nobiscum
538 3605 573 3673 in
591 3602 729 3676 ecclesia
744 3604 941 3675 convenisse
954 3628 1023 3673 non
1041 3603 1182 3674 dubium
1200 3622 1263 3694 est,

139 3750 155 3786 a
177 3737 212 3791 et
225 3746 327 3818 quem
347 3745 475 3791 morem
497 3718 548 3790 vel
571 3720 604 3790 in
631 3721 866 3792 consecrandis
885 3719 1062 3816 mysteriis,
1086 3718 1136 3790 rel
1153 3721 1187 3788 in
1202 3746 1264 3792 cae·

137 3836 258 3905 cteris
284 3835 423 3930 agendis
453 3835 585 3908 arcanis
605 3850 718 3906 teneat
743 3821 950 3932 cognovisse.
980 3832 1083 3924 Quod
1107 3832 1264 3906 sufficere

138 3949 218 4021 aad
244 3950 519 4026 informationem
548 3950 693 4022 ccclesiae
722 3967 804 4040 tuce,
837 3949 888 4022 vel
915 3949 1204 4042 reformationem,
1233 3952 1261 4024 si

139 4094 156 4131 a
176 4091 396 4162 praecessores
416 4051 595 4137 tui'minus
617 4065 744 4162 aliquid
764 4081 823 4138 aut
839 4064 939 4137 aliter
962 4080 1164 4154 tenuerunt,
1182 4067 1264 4136 satis

140 4209 159 4244 a
175 4195 307 4254 certum
322 4182 537 4272 haberemus,
553 4183 616 4253 nisi
632 4182 673 4252 de
685 4181 853 4281 aliquibus
874 4181 1099 4266 consulendos
1118 4207 1179 4252 nos
1192 4208 1265 4254 esse

137 4321 158 4367 ,e
176 4296 360 4368 duxisses»
377 4298 499 4398 (Epist.
517 4298 559 4370 ad
579 4300 780 4371 Decentium
800 4299 1006 4396 Episcopum
1030 4297 1261 4394 Eugubinum‚

135 4412 228 4511 apud
245 4413 452 4512 Coustaut.).
