2982 5072
499 359 546 406 DE
569 355 659 406 JURR
683 353 892 406 tt‘ntttctcO.
1188 359 1253 436 127

126 493 236 564 dierni
266 487 535 587 protestantisuri
573 483 832 556 fundamentum
864 485 1011 558 diruant.
1046 485 1253 560 iamdudum

126 608 215 677 enim
232 615 458 701 protestantes
472 601 516 670 ad
534 601 570 670 id
584 601 757 690 devenere,
771 615 809 670 ut
823 615 984 696 tanquam
1005 601 1256 677 fundamentale

128 721 332 817 principium
368 717 606 800 admitterent,
645 739 921 811 unumquemque
952 717 1108 808 fidelem,
1141 723 1255 815 quoad

127 863 222 908 suam
243 835 344 905 fidem
369 849 403 902 et
420 830 630 926 symbolum,
649 851 707 900 seu
726 831 838 926 quoad
869 833 1008 902 modurn
1028 833 1255 932 intelligendae

128 969 160 1023 et
177 949 377 1048 profitenda
395 945 582 1043 religionis,
603 971 671 1015 non
694 947 736 1015 ab
758 945 823 1016 alia
849 947 996 1042 pendere
1019 950 1134 1046 regula
1151 976 1255 1049 qnam

127 1093 267 1141 asensu
283 1067 522 1163 suoprt‘rato;
543 1063 656 1151 idest,
682 1063 724 1132 ab
746 1061 966 1158 inspiratione
994 1065 1191 1159 particulari
1223 1084 1258 1138 et

129 1184 323 1255 immediata
338 1204 439 1276 quam
461 1180 525 1273 ipsi
544 1179 735 1274 Scripturas
751 1177 876 1273 legenti
899 1177 1049 1249 infundit
1064 1179 1127 1248 Dei
1155 1184 1257 1276 spiri·

129 1319 197 1371 tus.
214 1304 288 1370 Jam
303 1297 425 1366 verosi
440 1293 483 1364 ad
497 1293 675 1389 collegium
690 1293 840 1364 fidelium
854 1295 1022 1389 pertineat
1034 1295 1258 1368 determinare

127 1419 251 1513 dogma
271 1431 304 1484 et
323 1412 519 1509 religionem
541 1411 772 1508 praescribere,
795 1435 865 1480 non
895 1409 1009 1481 licebit
1037 1413 1160 1506 cuique
1181 1438 1256 1488 sen·

128 1555 203 1604 sum
240 1554 339 1600 suurn
366 1529 535 1622 privatum
564 1525 670 1620 sequi,
698 1525 762 1595 nisi
794 1527 888 1621 prins
915 1553 991 1596 eum
1020 1527 1202 1599 contulerit
1223 1541 1259 1599 et

129 1651 342 1723 conformem
361 1647 522 1741 repererit
541 1669 619 1716 cum
641 1669 742 1714 sensu
761 1645 1026 1716 communitatis.
1044 1649 1134 1744 Ergo
1150 1647 1257 1745 legem

130 1766 290 1840 credendi
320 1763 420 1833 faciet
451 1787 567 1831 sensus
590 1763 842 1831 communitatis
866 1788 928 1856 seu
955 1764 1092 1858 majoris
1125 1766 1257 1834 numeri

129 1881 361 1952 membrorum
369 1877 538 1960 Ecclesiae,
558 1891 753 1945 nouantem
768 1901 895 1946 serastes
907 1878 960 1972 cuj
967 1903 1070 1974 usque
1077 1879 1259 1976 prt‘rntusy

129 2021 212 2092 ergo
229 1995 530 2089 sensuspre'rntns
546 2014 617 2061 non
640 1993 706 2060 erit
726 2015 803 2060 tera
829 1991 945 2086 regula
964 1993 1061 2082 fnlci3
1087 2019 1167 2089 ergo
1189 1995 1259 2064 ruit

127 2137 147 2182 a
170 2110 393 2181 fundamento
418 2121 452 2176 et
470 2107 594 2177 erroris
620 2105 835 2175 convincitur
855 2107 1037 2176 modernus
1072 2125 1258 2203 protestan-

130 2245 266 2298 ttsrnus.

178 2347 347 2414 Praeterea
369 2339 506 2437 praefata
526 2353 673 2435 potestas
689 2337 952 2409 determinandae
971 2339 1155 2435 religionis,
1174 2339 1258 2410 fule-

130 2461 214 2530 lium
235 2457 428 2529 collectioni
447 2456 623 2544 attributa,
641 2453 781 2550 intelligi
798 2457 863 2524 lroe
878 2481 978 2525 sensu
994 2457 1142 2546 deberet,
1161 2455 1257 2554 quod
1302 2503 1304 2508 -

129 2575 279 2646 admisso
311 2597 373 2670 per
400 2569 629 2666 pluralitatem
657 2569 901 2666 suffragiorum
928 2571 1041 2667 aliquo
1067 2571 1146 2644 fidei
1174 2577 1258 2644 arti·

132 2685 223 2773 culo,
250 2700 449 2754 tenerentur
474 2707 515 2752 ex
540 2681 745 2754 conscientia
772 2685 883 2756 caeteri
908 2688 1082 2781 pauciores
1117 2713 1259 2758 innuero

131 2801 314 2871 articulum
339 2797 446 2885 illum,
471 2799 529 2892 qui
551 2799 632 2894 ipsis
649 2797 752 2869 falsus
775 2800 955 2892 videretur,
978 2803 1169 2872 totocorde
1190 2830 1262 2874 cre·

132 2919 227 2987 dere.
255 2917 362 2984 Porro
394 2916 420 2984 si
444 2913 688 2984 fundamentali
710 2920 971 3010 protestantium
995 2920 1175 3014 principio,
1200 2919 1259 2988 do·

132 3033 251 3102 ctrinae
265 3029 393 3100 scilieet
418 3053 533 3098 sensus
557 3029 678 3124 privati
695 3045 874 3126 repugnet,
893 3033 994 3100 etiarn
1012 3025 1111 3104 u'nico
1129 3033 1259 3104 homini

133 3149 265 3244 imponi
292 3147 335 3215 ab
360 3148 562 3216 anctoritate
586 3169 799 3242 quacumque
831 3150 894 3243 ipsi
919 3151 1104 3220 extrinseca
1130 3147 1261 3245 aliquid

133 3261 394 3349 credendum,a
414 3262 548 3332 fortiori
568 3263 773 3360 repugnabit
789 3265 939 3361 integros
958 3265 1100 3361 populos
1121 3269 1196 3360 cogi
1215 3261 1259 3334 ad

135 3378 370 3477 recipiendum
391 3376 530 3474 aliquod
554 3376 636 3450 fidei
661 3379 863 3475 symbolum,
881 3379 1030 3474 eoquod
1057 3379 1092 3448 in
1116 3379 1261 3448 comitiis

135 3491 361 3594 generalibus,
378 3493 606 3589 pluralitatem
621 3511 779 3575 votorum
803 3521 865 3592 pro
890 3492 1071 3589 rejiciendo
1097 3493 1155 3564 illo
1175 3519 1264 3590 sym·

135 3609 216 3683 bolo
235 3635 303 3679 non
324 3611 549 3681 obtinuerint.

184 3730 351 3799 Praeterea
370 3725 397 3796 si
415 3751 493 3796 vere
512 3723 555 3796 ad
574 3725 807 3796 collectionem
826 3723 977 3798 fidelium
1005 3727 1191 3825 pertineret
1207 3725 1264 3822 jus

135 3841 438 3939 praescribendam
455 3837 670 3938 injungendae
688 3840 871 3938 religionis,
881 3842 1043 3914 deberent
1062 3845 1175 3914 statim
1188 3869 1265 3940 pro·

136 3973 301 4028 testantes
325 3953 367 4027 ad
393 3955 557 4028 Eclesiam
580 3957 779 4028 catholicam
808 3961 966 4055 migrare.
998 3963 1082 4030 Nam
1113 3957 1265 4030 fidelium

136 4071 333 4168 collegium,
365 4088 405 4142 ut
434 4071 478 4142 sit
507 4072 723 4168 completum,
753 4089 908 4144 constare
940 4075 1040 4145 debet
1071 4073 1265 4146 christianis

135 4183 300 4256 omnibus
326 4183 385 4280 qui
407 4187 663 4284 scripturarum
688 4187 898 4260 divinitatem
923 4191 1121 4278 admittunt,
1148 4191 1265 4284 quiin

136 4299 316 4372 Christum
344 4299 490 4396 credunt
512 4317 545 4373 et
568 4303 684 4375 salutis
713 4329 780 4376 suae
811 4321 943 4376 aeternae
967 4301 1102 4376 solliciti
1121 4319 1212 4375 sunt.
1234 4307 1266 4375 li

137 4417 231 4486 enim
250 4439 379 4509 omnes,
395 4415 492 4513 juxta
508 4424 785 4518 protestanticam
811 4421 1011 4511 doctrinam,
1032 4417 1095 4490 sub
1113 4415 1267 4493 fidelium
