2982 5072
507 379 555 428 ne
578 377 668 430 son
689 379 895 430 musico.
1214 364 1264 462 95

140 510 233 582 nelrs
245 507 424 595 sissimo,
437 519 478 578 ut
495 505 702 598 existimat,
721 509 868 606 principi
885 510 1067 582 tribuendo
1087 528 1141 584 est
1165 531 1263 610 pote-

140 623 259 696 rtrsdc
271 623 379 694 rehsrs
387 621 563 712 omnibus,
580 645 657 718 qun
673 624 868 696 sociem
883 623 1018 696 civilem
1029 625 1147 723 sliqno
1160 631 1263 702 modo

139 752 302 835 tangunt,
318 735 546 833 cognoscendi
558 752 597 808 et
612 735 785 808 definitive
800 738 1016 822 decernendi.

186 857 249 926 Ill.
275 853 350 924 Jnm
382 873 464 922 roro
494 866 568 924 tota
596 854 783 950 generatim
814 854 989 950 disciplina
1019 855 1263 949 constantes,

137 971 207 1042 sire
229 969 361 1039 directe
375 969 448 1038 sire
465 967 647 1056 indirecte,
664 970 859 1042 wckutem
876 970 1009 1042 civilem
1031 973 1150 1068 aliquo
1161 975 1263 1046 modo

136 1085 296 1181 uttingi13
322 1107 405 1180 ergo
424 1081 582 1180 princeps
605 1087 640 1154 iu
657 1086 860 1180 questiones
886 1085 928 1156 do
950 1084 1129 1182 disciplina
1155 1089 1260 1161 ecclc·

135 1202 270 1271 siostira
297 1201 504 1270 interuenire
532 1197 654 1286 debet,
673 1219 736 1270 trec
765 1215 909 1297 possunt
938 1199 1007 1272 alio
1029 1225 1134 1298 quum
1159 1205 1264 1298 ipsius

134 1316 265 1412 judicio
297 1315 469 1386 definitive
498 1314 595 1386 solvi.
626 1317 702 1386 tos
726 1330 762 1386 ot
787 1315 895 1386 multa
916 1315 1077 1413 dogmata
1103 1320 1264 1392 iuteresse

135 1429 322 1524 temporale
338 1432 464 1524 pariter
477 1445 639 1526 tangunt3
654 1456 736 1526 ergo
754 1456 823 1501 uon
842 1449 1007 1532 poterunt
1019 1435 1090 1504 lraec
1106 1434 1264 1531 dogmata

135 1545 251 1616 doceri
272 1561 331 1615 aut
351 1546 485 1616 definiri
504 1546 577 1624 nisi,
592 1561 767 1618 annuento
785 1563 819 1618 ot
836 1551 1039 1620 auctoritate
1058 1575 1119 1619 sua
1141 1551 1264 1620 defiui-

135 1660 206 1730 tive
228 1674 398 1730 statuente
422 1659 599 1756 temporali
624 1661 798 1756 principe3
827 1687 870 1731 ne
893 1660 1043 1756 alioquin
1066 1661 1164 1733 illaesa
1193 1689 1262 1733 nou

134 1789 332 1870 permonetn
353 1777 455 1870 ipsius
472 1777 562 1846 circa
582 1799 653 1845 rem
672 1775 895 1873 temporalem
915 1777 1187 1872 independeutia.

183 1892 240 1962 Ab
256 1891 308 1960 his
322 1890 458 1986 quidem
478 1892 694 1961 consectariis
708 1915 749 1962 ex
761 1905 858 1987 perte
871 1893 997 1987 refugit
1014 1892 1263 1988 gallicanismus

134 2005 352 2094 moderatus;
370 2021 405 2075 at
422 2005 587 2101 regalistae
606 2006 819 2076 contendunt
837 2032 877 2076 ea
892 2009 1042 2101 rigorose
1060 2023 1093 2078 et
1112 2008 1221 2104 logice
1241 2036 1261 2079 a

130 2125 246 2217 primo
261 2137 410 2217 quatuor
424 2121 646 2192 articulorum
662 2125 744 2191 noni
764 2121 854 2194 1682
869 2122 1003 2192 deduci.

183 2241 244 2306 lV.
271 2241 321 2306 Ex
350 2236 418 2308 olio
443 2251 604 2332 preterca
629 2237 800 2333 principio
827 2236 979 2305 eamdem
1009 2235 1258 2308 conclusionem

131 2355 319 2424 extrahunt
344 2379 356 2423 :
368 2355 570 2450 prr'ncrpem
598 2351 736 2423 scilieet
759 2377 838 2422 erre
859 2353 897 2421 in
926 2351 1050 2423 Gallio
1077 2375 1259 2426 seretur-mn

130 2492 309 2540 cameron
329 2484 574 2564 protectorem.
597 2468 699 2558 Quod
716 2470 763 2538 ita
784 2465 1039 2562 intelligendum
1063 2467 1201 2557 volunt,
1222 2485 1260 2540 ut

130 2586 297 2682 principis
315 2587 357 2655 sit
373 2585 503 2656 Gallias
521 2601 700 2681 protegere
714 2600 834 2654 contro
850 2583 984 2654 decreta
1000 2584 1174 2680 pontificia
1192 2585 1261 2655 dis·

129 2701 292 2796 ciplioem
313 2699 570 2772 eeclesiasticam
591 2701 655 2770 hnc
672 2702 706 2768 io
729 2701 867 2794 regione
885 2715 1054 2797 receptam
1074 2702 1259 2772 immutan-

130 2819 191 2888 tis.
208 2819 297 2888 Nom
314 2831 352 2890 ut
366 2818 526 2912 princeps
537 2817 644 2912 possit
655 2816 720 2885 hac
731 2838 793 2885 suo
805 2817 1027 2910 praerogativa
1043 2818 1107 2907 uti,
1127 2840 1259 2888 necesse

128 2948 180 3003 est
200 2946 242 3002 ut
258 2955 378 3001 ornnes
396 2932 482 3002 sodis
500 2929 701 3026 Apostolieoe
720 2928 839 3015 bullae,
859 2931 973 3000 omnis
992 2933 1170 3026 rescripta,
1194 2933 1259 3027 ipsi

127 3047 354 3142 subjiciantur
364 3101 375 3134 ,
394 3073 456 3117 uec
475 3047 605 3142 possint
616 3047 686 3115 vim
707 3045 831 3114 habere
849 3046 912 3116 nisi
928 3047 1020 3140 prius
1033 3047 1076 3116 nb
1087 3048 1162 3142 ipso
1177 3071 1259 3118 exa·

128 3164 258 3231 uolunta
277 3178 380 3255 atque
397 3162 555 3256 probato,
572 3175 608 3230 et
628 3158 768 3256 plectite
787 3181 849 3232 suo
873 3157 1016 3231 firmato.
1039 3163 1181 3233 Necesse
1203 3164 1259 3236 in-

127 3299 232 3372 super
259 3277 296 3348 in
323 3276 461 3371 judiciis
484 3275 735 3363 ecclesiasticis,
763 3289 802 3344 ut
827 3291 940 3371 partes
967 3299 1042 3372 quae
1067 3301 1138 3348 sese
1166 3278 1259 3349 laesns

125 3393 512 3488 existimant-possintod
520 3395 711 3488 principem
723 3407 885 3485 tanquam
898 3393 941 3462 ab
955 3393 1063 3461 abusu
1075 3392 1259 3486 appellere,

127 3524 162 3580 et
176 3510 337 3604 princeps
359 3510 465 3604 possit
484 3508 670 3602 quamlibet
693 3507 893 3576 sententiam
912 3505 1168 3580 eeclesiasticam
1188 3508 1255 3578 sol·

125 3649 228 3712 vere,
248 3625 386 3720 quondo
401 3625 569 3720 judicavit
579 3625 728 3720 judicem
743 3622 1002 3694 eedesiasticum
1016 3637 1184 3719 potestate
1196 3650 1258 3696 suo

125 3743 274 3812 abusum
290 3741 405 3814 finisse.

173 3860 216 3927 V.
243 3860 289 3930 Et
306 3857 461 3942 tandem,
476 3857 574 3928 aiuut
589 3855 776 3953 regalistae,
792 3877 925 3928 certum
938 3871 987 3927 est
1004 3857 1149 3954 principi
1165 3881 1257 3928 com-

122 3987 241 4068 petere
260 3971 328 4068 jur
346 3971 523 4058 mendis
540 3995 610 4045 scsc
639 3997 761 4069 nempe
791 3972 1035 4068 prennuniendi
1053 3989 1173 4044 contra
1194 3999 1255 4044 ex-

123 4109 239 4159 cessus
273 4087 447 4182 potestatis
477 4087 720 4160 ecclesicmieae.
752 4091 864 4176 Nam,
890 4090 1076 4184 inquiunt,
1104 4091 1257 4162 occidere

121 4216 236 4298 potest
259 4203 318 4299 (et
346 4225 485 4291 meru,
513 4203 631 4292 aiunt,
652 4203 828 4274 multoties
857 4203 1019 4301 eccidit),
1043 4215 1082 4275 ut
1114 4209 1259 4276 Romen

122 4317 306 4392 Pontifices
329 4317 383 4388 rel
407 4320 508 4390 etierr
529 4322 685 4417 Episcopi
708 4317 876 4416 spirituali
892 4343 956 4390 sue
984 4333 1152 4418 potestate
1172 4322 1257 4390 sbu-

119 4447 251 4506 tnntur.
274 4433 437 4532 Princeps
457 4449 587 4527 autur,
597 4433 667 4534 Jisr
684 4433 836 4508 mode·
854 4457 1008 4508 exercere
1026 4457 1099 4506 non
1119 4449 1255 4532 posset,
