2946 5070
235 303 282 392 48
694 319 900 368 succussus

236 452 422 523 «Diximus
435 448 525 518 enim
542 445 697 517 Ecclesiae
714 469 833 518 vocem
846 460 880 514 et
898 467 961 540 pro
978 443 1105 538 populo
1121 441 1231 531 fideli,
1250 459 1286 514 et
1297 471 1360 541 pro

237 567 423 638 «Ecclesiae
447 563 640 659 pastoribus
660 562 830 655 usurpari.
847 561 979 630 Priores
998 561 1111 654 itaque
1128 559 1362 632 conclusiones

237 682 350 753 «illud
377 680 597 764 astruebant,
624 677 791 771 quidquid
822 674 990 764 Ecclesia,
1018 676 1085 744 hoc
1111 689 1182 761 est,
1209 677 1362 746 omnium

238 796 420 867 «fidelium
437 795 568 878 concio,
580 805 729 879 teneret,
748 790 782 860 id
795 815 911 859 verum
929 783 1024 858 csse:
1039 789 1111 858 haec
1129 804 1242 859 autem
1259 788 1364 884 (con-

239 943 255 978 «
270 909 399 1006 clusio)
414 907 498 978 illud
512 907 677 994 affirmat,
695 919 844 1000 pastores
860 902 1013 976 Ecclesiae
1030 918 1065 972 et
1078 904 1231 973 doctores
1246 905 1281 974 iu
1297 904 1364 974 fide

239 1050 380 1096 «errare
401 1048 471 1092 non
493 1045 612 1117 posse3
637 1018 695 1088 sed
713 1018 879 1112 quidquid
898 1016 1033 1088 fidelem
1051 1016 1215 1112 populum
1229 1018 1365 1110 docent,

239 1138 363 1234 «quod
387 1137 431 1206 ad
457 1136 583 1208 Christi
613 1135 713 1204 fidem
734 1133 898 1221 attineat,
918 1158 990 1203 esse
1017 1133 1237 1204 verissimum.
1265 1139 1365 1204 Hanc

239 1252 519 1332 «conclusionem
549 1273 630 1320 mox
654 1244 849 1332 ostendam,
869 1248 897 1316 si
921 1249 1016 1342 prius
1038 1247 1271 1336 admonuero,
1305 1275 1366 1343 pa·

240 1370 369 1440 «storis
386 1367 487 1436 unius
504 1379 540 1435 et
560 1362 697 1434 alterius
718 1387 890 1452 errorem,
919 1378 1094 1458 pastorum
1108 1365 1261 1434 omnium
1284 1363 1366 1434 fidei

240 1509 340 1552 «non
356 1483 537 1576 derogare3
550 1479 637 1548 sicut
654 1502 696 1548 ne
713 1502 900 1573 paucorum
919 1477 1054 1571 quidem
1074 1477 1224 1548 fidelium
1244 1503 1364 1568 error,

241 1598 348 1667 «fidei
373 1596 514 1690 derogat
535 1593 651 1689 populi
673 1591 881 1664 christiani»
903 1591 964 1687 (de
984 1591 1067 1662 locis
1088 1591 1191 1662 theol.
1213 1591 1273 1663 lib.
1297 1598 1364 1684 lV,

242 1737 316 1806 cap.
334 1709 389 1804 li)-
1386 1783 1392 1794 .

291 1823 400 1893 Valde
418 1822 587 1892 notandus
600 1836 649 1892 est
664 1819 721 1890 ille
737 1819 886 1890 fidelium
903 1845 1086 1890 consensus
1105 1822 1141 1890 in
1160 1821 1370 1892 admittenda
1459 1877 1466 1904 ,

244 1938 405 2033 tanquam
436 1952 526 2008 certa
555 1915 777 2006 immaculatae
804 1936 1035 2028 conceptionis
1064 1935 1241 2018 doctrina3
1269 1962 1370 2030 quem

244 2079 445 2124 consensum
465 2052 589 2121 nostris
602 2051 738 2120 tandem
754 2050 964 2144 temporibus
985 2049 1208 2120 universalem
1228 2053 1371 2122 evasisse

243 2197 335 2241 nunc
356 2169 546 2264 plenissime
569 2180 713 2237 constat.
742 2169 818 2234 Nou
839 2165 930 2234 enim
955 2180 1085 2236 tautum
1113 2166 1236 2260 probat
1254 2167 1305 2236 rei
1325 2168 1371 2237 sic

243 2287 379 2356 creditae
402 2285 601 2370 veritatem,
621 2281 730 2350 sedet
752 2280 787 2350 in
808 2281 992 2373 questione
1011 2295 1127 2352 utrum
1156 2279 1370 2350 immaculata

243 2401 420 2494 conceptio
443 2422 596 2491 expresse
620 2412 781 2488 tanquam
808 2391 972 2464 articulus
1001 2395 1080 2466 fidei
1105 2396 1237 2466 definiri
1265 2400 1369 2496 possit

245 2531 304 2586 aut
322 2515 496 2609 expediat,
517 2513 631 2606 magni
646 2511 806 2606 ponderis
820 2535 889 2582 esse
908 2525 1030 2605 potest.
1049 2515 1103 2582 De
1121 2537 1193 2607 quo
1208 2515 1370 2607 praeclara

245 2630 392 2699 Suaresii
412 2628 515 2697 verba
539 2627 776 2720 subjiciemus:
802 2626 920 2697 «Dico
940 2625 1070 2720 primo,
1091 2627 1225 2721 inquit,
1248 2632 1370 2701 verita·

245 2769 262 2804 «
276 2756 343 2809 tem
360 2740 469 2828 hanc,
488 2737 616 2809 scilicet
637 2740 813 2833 Virginem
833 2763 902 2808 csse
921 2755 1118 2833 conceptam
1139 2743 1210 2810 sine
1230 2759 1369 2838 peccato

245 2852 452 2948 «originali,
474 2877 573 2947 posse
599 2851 733 2922 definiri
753 2855 795 2922 ab
821 2853 968 2924 Ecclesia
991 2855 1129 2947 quando
1156 2856 1190 2924 id
1212 2860 1370 2953 expedire

245 2968 486 3064 «judicaverit.
518 2967 699 3038 Probatur.
739 2971 827 3040 Nam
863 2969 1018 3063 inprimis
1054 2969 1234 3040 Ecclesiam
1274 2999 1370 3068 posse

245 3111 261 3146 «
273 3081 539 3152 controversiam
551 3081 641 3154 hanc
658 3081 693 3148 in
709 3079 910 3149 alterutram
926 3094 1054 3173 partem
1071 3081 1372 3178 decidere,aperte

247 3226 264 3262 «
278 3211 477 3291 supponunt
503 3197 616 3264 Sixtus
634 3197 683 3264 IV
702 3209 737 3264 et
754 3197 833 3264 Pius
848 3199 880 3265 V
902 3197 937 3263 in
956 3197 1024 3266 suis
1043 3196 1201 3285 decretis;
1223 3216 1258 3270 et
1283 3201 1371 3271 idem

247 3325 455 3383 «senserunt
485 3334 605 3380 omnes
636 3313 752 3382 Patres
785 3308 918 3378 concilii
946 3310 1168 3400 Basilecnsis;
1191 3328 1224 3382 et
1254 3315 1374 3387 docuit

247 3453 431 3523 «expresse
448 3425 673 3498 Abulensis...
689 3426 756 3497 Sed
771 3451 840 3496 non
858 3441 970 3520 potest
981 3428 1163 3498 terminare
1177 3429 1265 3499 lianc
1279 3429 1372 3501 litem

247 3572 264 3607 «
278 3541 470 3612 deliniendo
488 3543 691 3612 contrariam
715 3542 937 3630 sententiam,
959 3566 1036 3612 cum
1058 3542 1140 3612 falsa
1165 3545 1228 3631 sit3
1248 3548 1373 3639 poterit

200 3647 204 3656 ⁴
248 3681 360 3750 «ergo
379 3656 468 3724 hanc
481 3668 632 3724 nostram
650 3655 801 3724 definire.
822 3655 995 3745 Secundo,
1011 3657 1076 3754 hoc
1091 3657 1138 3728 ita
1157 3657 1371 3730 declaratur:

247 3771 367 3859 «Quia
384 3769 456 3838 haec
473 3770 596 3838 veritas
613 3783 664 3838 est
684 3769 972 3862 supernaturalis,
993 3770 1139 3841 multum
1162 3771 1312 3844 referens
1330 3776 1374 3844 ad

248 3883 432 3956 «Ecclesiae
461 3883 644 3956 utilitatem
668 3899 702 3954 et
727 3886 905 3978 pietatem3
937 3899 970 3955 et
989 3889 1165 3981 pervenire
1193 3903 1307 3982 potest
1332 3891 1376 3959 ad

247 4029 265 4064 «
277 4024 354 4068 eum
367 4014 491 4068 statum
510 4000 546 4068 in
565 4023 646 4093 quo,
666 4000 794 4093 absque
812 4025 898 4069 nova
920 4014 955 4068 et
970 4000 1136 4095 explicata
1157 4002 1375 4092 revelatione,

248 4145 265 4182 «
276 4115 399 4185 habeat
414 4114 561 4186 Ecclesia
577 4115 779 4186 sufficientia
794 4116 922 4186 motiva
937 4117 981 4185 ad
996 4117 1170 4189 veritatem
1187 4119 1275 4188 hanc
1291 4119 1376 4187 defi-

248 4228 437 4300 «mendam
457 4255 498 4298 ex
518 4229 681 4325 implicita
704 4246 738 4300 et
758 4232 861 4302 tacita
880 4233 945 4301 Dei
964 4233 1167 4305 revelatione
1188 4233 1252 4302 sibi
1274 4225 1377 4304 suffi-

248 4349 405 4418 «cientcr
419 4348 613 4445 proposita3
629 4371 720 4443 ergo.
738 4347 948 4420 Antecedens
960 4347 1170 4440 declaratum
1190 4350 1271 4444 quia
1288 4374 1377 4444 saepe
