2982 5072
491 375 538 420 ue
562 375 649 422 sune
674 375 880 423 tirannico,
1025 427 1028 433 ,
1180 355 1246 446 145

170 507 339 573 Caeterum
352 503 505 572 eamdem
519 503 757 573 manichaeismi
771 521 884 576 notam
902 506 1062 601 praedicto
1076 512 1250 604 systemati

123 623 266 688 inurunt
284 617 447 714 regalistae
466 643 524 687 seu
552 619 770 713 gallicanismi
797 619 1048 714 parlarnentarii
1070 649 1247 719 sequacem

120 759 223 830 quarn
240 759 417 804 censuram
445 751 480 804 et
501 735 624 804 nostris
650 737 860 831 temporibus
879 737 1015 808 iteravit
1035 741 1153 834 Dupin
1169 740 1248 837 (ca-

121 877 222 920 merae
249 851 443 946 legislativae
474 854 631 946 praeses).
666 851 835 921 Viderunt
857 854 948 921 enim
979 854 1042 923 viri
1064 854 1112 924 illi
1144 883 1247 950 quarn

120 967 306 1036 absurdum
337 982 424 1036 esset
458 982 616 1037 neutram
653 981 855 1062 potestatem
890 966 989 1038 alteri
1019 969 1247 1045 subordinari.

121 1085 290 1152 Errarunt
312 1098 424 1152 autem
450 1081 685 1152 concludendo
714 1082 805 1152 civili
828 1082 1016 1178 subjectam
1041 1085 1107 1156 dici
1125 1087 1248 1158 debere

120 1197 391 1287 ecclesiasticam.
407 1198 476 1289 Qui
495 1223 592 1266 error
617 1200 738 1268 merito
757 1198 893 1292 quidem
915 1197 1098 1294 gallicanos
1126 1201 1246 1271 mode-

120 1331 210 1382 ratos
230 1315 432 1408 perterruit;
451 1331 486 1383 at
502 1314 593 1408 quod
614 1316 677 1408 ipsi
696 1315 927 1406 substituunt,
954 1316 1067 1386 minus
1088 1331 1178 1387 certe
1194 1316 1247 1388 lo·

121 1429 232 1521 gicum
251 1429 386 1497 ridetur
400 1445 433 1498 et
451 1431 603 1525 apertius
623 1456 815 1502 erroneum.

167 1543 361 1614 Falsitatem
380 1544 438 1614 sui
467 1547 654 1640 systematis
673 1545 849 1614 advertere
870 1547 973 1616 etiarn
992 1563 1136 1642 possunt
1155 1548 1249 1645 galli·

120 1661 194 1728 cani
213 1658 402 1749 moderati,
429 1683 469 1728 ex
494 1661 711 1730 consectariis
740 1685 815 1756 quae
840 1661 976 1756 ipsimet
1000 1678 1170 1759 coguntur
1189 1663 1248 1734 ad·

120 1775 268 1844 mittere.
289 1773 341 1842 Ad
356 1773 443 1844 hauc
458 1777 548 1844 enim
568 1774 820 1845 conclusionem
838 1775 1048 1848 deveniunt:
1067 1779 1107 1848 Si
1122 1778 1176 1850 les
1193 1784 1249 1851 in·

110 1888 291 1983 junctione
318 1889 381 1959 des
408 1889 504 1960 (lcum
526 1893 741 1986 prrissunces
770 1905 855 1961 sont
880 1891 1057 1964 tellement
1079 1897 1248 1991 opposlcs

119 2005 264 2103 qu’elles
281 2031 334 2076 ne
343 2009 509 2102 put'ssent
531 2013 604 2077 e¹tre
623 2004 806 2076 observares
827 2033 871 2076 en
889 2012 1003 2077 meme
1032 2025 1167 2105 temps,
1196 2011 1248 2082 les

119 2119 229 2217 sujem
243 2119 383 2191 doivent
400 2121 499 2191 ode‘r'r
510 2121 554 2190 cle
564 2119 775 2219 prc'se‘rcnce
788 2122 812 2192 ὰ
827 2121 915 2191 celle
925 2119 1013 2192 dont
1024 2123 1071 2204 ils
1078 2122 1250 2222 sugerunt

119 2236 153 2306 le
170 2235 267 2306 dreit
278 2235 365 2332 plus
373 2235 545 2332 pradelle
559 2237 649 2330 (loco
663 2262 765 2331 supra
784 2233 915 2327 citato).
947 2249 984 2306 1⁰
1006 2237 1156 2326 Quidem
1187 2239 1247 2310 tali

119 2352 338 2421 conclusione
351 2352 415 2422 sibi
431 2349 838 2448 contradicuntgallicnni
853 2352 1020 2422 moderati
1037 2375 1047 2422 r
1064 2377 1248 2424 uamexor·

119 2468 263 2537 diuntur
284 2468 327 2537 ab
347 2465 415 2536 hoc
432 2467 614 2561 principio,
636 2467 870 2538 certissimum
895 2491 969 2537 esse
988 2466 1045 2560 jus
1069 2467 1246 2562 utriusque

120 2582 296 2677 potestatis
323 2583 357 2651 in
387 2583 563 2650 materiam
590 2583 749 2670 mirram3
775 2597 808 2650 et
828 2595 945 2675 postea
968 2583 1091 2678 cuique
1112 2584 1246 2679 privato

116 2697 340 2791 judicandum
369 2697 553 2766 ultimatim
581 2697 803 2791 relinquunt,
832 2723 988 2791 quaenam
1017 2714 1168 2794 potestas
1189 2701 1254 2796 (iu

120 2839 196 2884 casu
217 2813 414 2908 conflictus)
433 2811 554 2883 habeat
573 2813 629 2907 jus
648 2815 756 2908 magis
782 2828 842 2884 aut
863 2815 977 2884 minus
995 2813 1191 2910 probabile.
1209 2820 1247 2888 Si

119 2931 354 3001 certissimum
370 2946 420 3000 est
445 2945 479 2999 et
500 2930 602 3026 plane
621 2922 852 3025 independens
876 2932 932 3024 jus
962 2930 1139 3024 utriusque
1156 2931 1255 3024 (lroc

121 3047 191 3140 ipso
219 3046 312 3140 quod
332 3048 473 3115 materia
503 3047 547 3115 sit
570 3044 709 3141 mixta),
729 3042 901 3139 quomodo
923 3043 980 3138 jus
1001 3043 1091 3112 idem
1120 3045 1251 3116 dicitur

119 3160 219 3230 simul
242 3175 375 3230 tautum
391 3159 591 3257 probabile,
614 3176 649 3231 et
667 3176 829 3254 tanquam
851 3157 928 3255 plus
948 3158 1102 3230 minusve
1114 3159 1245 3258 probo·
1327 3257 1329 3260 Ι

121 3274 189 3346 bile
206 3275 414 3370 relinquitur
426 3275 641 3346 subditorum
652 3275 783 3370 judicio
795 3273 1135 3370 expendenduml'2⁰
1146 3281 1243 3368 Quo·

119 3393 222 3461 modo
238 3417 341 3462 ausus
359 3407 409 3461 est
428 3393 480 3460 vir
495 3391 681 3462 catholicus
698 3415 760 3485 pro
779 3414 937 3483 supremo
955 3388 1116 3459 tribunali
1130 3392 1173 3460 ad
1187 3391 1245 3462 de-

118 3505 287 3578 cernenda
304 3509 396 3602 jura,
418 3509 494 3578 tum
504 3505 676 3596 Ecclesiae,
694 3522 765 3576 tum
785 3504 894 3575 civilis
912 3504 1056 3600 imperii,
1072 3507 1247 3599 privatum

119 3623 284 3717 cujusque
295 3621 462 3717 judicium
489 3623 659 3694 statuere?
679 3627 772 3718 Ergo
786 3619 925 3718 quando
948 3621 1109 3691 Summus
1126 3625 1248 3693 Ponti-

118 3737 190 3828 fex,
219 3736 273 3806 vel
305 3737 488 3810 concilium
518 3739 780 3826 oecumenicum,
803 3736 876 3835 lege
903 3737 1086 3807 universali
1113 3737 1246 3833 aliquid

118 3852 305 3950 discipline
327 3856 361 3924 in
382 3870 454 3925 tota
476 3855 626 3926 Ecclesia
642 3855 846 3942 decreverit,
860 3853 903 3924 ad
919 3878 1055 3924 sensum
1073 3855 1242 3950 privatum

118 3970 283 4066 cujusque
320 3973 506 4066 pertinebit
538 3972 709 4059 decidere,
740 3997 784 4040 an
805 3969 913 4040 valeat
937 3968 993 4040 lex
1019 3968 1076 4040 illa
1112 3971 1243 4043 necne?

119 4088 193 4156 Hoc
223 4087 250 4156 si
282 4089 328 4156 ita
351 4089 414 4172 sit,
432 4089 502 4183 jam
528 4113 597 4157 non
624 4086 747 4186 singuli
772 4084 886 4156 fideles
906 4113 926 4156 a
947 4111 1109 4184 supremo
1130 4087 1246 4158 Eccle-

119 4202 174 4272 siae
188 4203 355 4298 regimine
369 4221 404 4274 et
414 4203 545 4297 judicio
560 4203 729 4302 pendent,
748 4203 804 4274 sed
822 4217 971 4273 ercontra
986 4201 1143 4272 Ecclesiae
1152 4203 1244 4297 judi·

118 4319 168 4388 cia
192 4333 227 4388 et
247 4317 382 4388 ‹lecreta
403 4343 570 4416 suprema
599 4319 780 4417 cujuslibet
798 4319 922 4416 privati
943 4319 1116 4389 sententie
1135 4318 1242 4412 subji-

118 4431 268 4506 ciuntur.
297 4435 339 4506 Id
373 4434 515 4532 quidem
542 4436 727 4510 concordat
757 4461 835 4510 cum
869 4434 1052 4507 haeretimli
1086 4433 1243 4522 doctrina

1027 4573 1071 4623 1⁰
