2934 5074
246 365 294 462 9⁶
707 377 914 427 rnrersrus

247 508 311 578 uisi
328 506 392 602 ipsi
405 505 456 576 fas
468 519 557 579 esset
574 503 616 576 de
633 504 778 600 negotiis
796 501 1263 602 ecelesiasticisoognoscere,
1279 519 1314 575 et
1331 530 1376 576 an

247 623 352 694 abusa
374 621 418 692 sit
436 645 541 692 necne
559 619 784 692 ecclesiastiea
806 619 1010 707 auctoritas,
1021 618 1196 690 definitive
1216 645 1377 715 pronun·

249 738 342 807 tiare.
360 735 461 805 Unde
475 733 674 830 regalisrnus
691 735 853 828 expressis
859 733 1001 828 ,quidem
1014 736 1167 805 terminis
1181 757 1378 830 supremam

249 865 448 947 potestatem
466 848 675 944 spiritualem
690 848 833 942 imperio
846 846 937 920 civili
952 872 1022 918 non
1041 849 1181 937 tribuit,
1194 850 1284 918 sieut
1299 873 1379 948 pro·

248 966 466 1039 testanticum
493 977 636 1059 systema
665 962 896 1048 terrisonae,-
916 977 969 1034 ast
987 964 1023 1034 in
1049 988 1103 1052 re,
1119 964 1168 1032 ab
1186 961 1244 1032 illo
1274 977 1379 1058 syste-

249 1096 341 1152 mate
355 1105 423 1150 non
442 1077 578 1168 differt;
599 1102 661 1148 nec
678 1078 790 1148 minus
802 1077 937 1148 fortiter
954 1077 1154 1174 probrosam
1169 1077 1261 1150 illam
1279 1079 1381 1172 erigit

249 1194 545 1290 cesare-papiam,
564 1216 666 1288 quam
693 1207 762 1262 tam
788 1192 911 1262 aeriter
930 1192 1108 1264 Boebmero
1129 1193 1380 1286 exprobrarunt

250 1289 475 1406 protestantes
492 1308 716 1381 Mosheimius
734 1321 771 1377 et
789 1306 941 1382 Pfaffius.

599 1527 607 1542 ‘
697 1557 847 1627 cirus
867 1559 929 1628 ιν.

277 1780 440 1830 sustuna
473 1778 731 1828 Gntmcamstss
762 1778 951 1828 mortuum
983 1776 1091 1826 CIRCA
1120 1779 1359 1839 QUAEsrlouuu

326 1893 541 1942 GENERALEM
560 1893 605 1939 DE
624 1892 893 1941 uectustnsrlca
909 1893 953 1940 ΕΤ
968 1893 1078 1940 crvlul
1092 1893 1309 1942 POTESTATE.

302 2116 329 2182 Ι.
357 2107 524 2181 Gallicani
557 2107 721 2178 moderati
750 2106 964 2176 contendunt
993 2105 1078 2178 duas
1107 2122 1296 2203 potestates
1316 2136 1381 2180 esse

254 2233 324 2300 uon
347 2240 479 2295 tantum
508 2223 698 2315 distinctas,
714 2222 771 2294 sed
797 2237 831 2292 et
858 2223 1006 2318 perfecte
1031 2249 1070 2294 ae
1091 2224 1244 2318 rigorose
1263 2242 1381 2296 mutuo

254 2340 531 2435 independentes.
566 2338 669 2426 Quod
693 2338 773 2410 satis
796 2339 949 2433 patebit,
977 2341 1080 2410 citato
1108 2365 1228 2410 eorum
1258 2343 1381 2412 antesi-

257 2481 369 2555 gnano
392 2454 594 2526 Bossuetio:
617 2453 751 2546 «Regia
777 2477 819 2522 ae
841 2478 997 2549 suprema
1029 2469 1178 2549 potestas
1203 2455 1379 2553 (inquit),

257 2574 336 2642 «ita
357 2584 406 2640 est
423 2571 531 2638 aDeo
547 2567 722 2657 instituta,
744 2581 783 2637 ut
801 2568 846 2637 sit
865 2593 886 2637 a
905 2572 980 2639 Deo
997 2569 1160 2656 secunda,
1178 2569 1246 2640 hoc
1264 2587 1333 2660 est,
1351 2573 1380 2640 in

255 2719 270 2754 a
287 2712 349 2758 suo
372 2708 493 2780 genere
512 2683 681 2776 rebusque
702 2683 771 2752 suis
793 2683 856 2752 sub
875 2685 950 2754 Deo
969 2698 1003 2753 et
1024 2698 1100 2780 post
1120 2688 1233 2754 Deum
1258 2690 1380 2782 primm
1457 2697 1458 2736 l

258 2827 398 2898 «neque
416 2804 511 2871 Deus
528 2813 729 2894 potestatem
751 2800 899 2870 instituit
918 2825 939 2870 a
959 2825 1025 2894 qua
1045 2799 1101 2870 illa
1120 2800 1315 2895 deponatur
1329 2817 1383 2872 aut

258 2953 275 2988 a
288 2923 323 2990 in
343 2918 497 2990 ordinem
515 2915 690 3010 redigatur
710 2943 728 2979 n
749 2913 930 3010 (Defensio
955 2914 1036 2984 cleri
1060 2913 1215 3010 gallicani
1239 2942 1316 3013 cap.
1336 2920 1379 3004 Δ,

256 3033 417 3108 sectionis
432 3057 469 3121 α,
491 3030 567 3100 libri
586 3055 621 3120 1,
639 3055 716 3124 pag.
737 3027 806 3118 83,
824 3030 905 3100 edit.
924 3032 1089 3115 Vesunt.‚
1110 3029 1236 3125 1846).
1258 3032 1380 3101 Ibidem

260 3151 385 3247 pagina
406 3146 473 3218 108
490 3173 498 3215 :
515 3145 667 3216 «Ambas
681 3160 883 3240 potestates,
903 3143 1160 3216 ecclesiasticam
1181 3170 1220 3216 ac
1242 3146 1378 3233 civilem,

260 3295 276 3328 a
293 3266 340 3335 ita
367 3287 437 3334 esse
463 3261 592 3330 divinia
619 3261 758 3329 numine
786 3260 979 3350 institutam,
997 3275 1036 3330 ut
1060 3261 1095 3330 in
1119 3286 1182 3331 suo
1205 3288 1330 3358 genere
1352 3277 1381 3330 et

260 3379 413 3450 «ordine
430 3400 642 3470 unaquaeque
655 3375 718 3446 sub
739 3399 808 3444 uno
824 3377 898 3444 Deo
912 3377 1066 3471 proxime
1083 3374 1263 3466 collocata,
1281 3379 1379 3472 prima
1457 3401 1458 3406 ¹

261 3525 277 3561 a
291 3520 331 3565 ac
351 3516 508 3588 suprema
528 3491 581 3560 sit.
601 3519 619 3556 r

310 3613 356 3678 11.
383 3610 419 3679 Si
450 3631 531 3676 vero
557 3607 600 3676 ab
624 3606 704 3700 ipsis
732 3605 906 3700 postules,
935 3631 1088 3701 quaenam
1117 3621 1268 3702 potestas
1293 3605 1380 3677 alteri

262 3722 382 3794 cedere
398 3720 517 3790 debeat
533 3721 569 3788 in
584 3721 826 3814 quaestionibus
839 3718 1069 3792 ecclesiasticis
1085 3745 1160 3816 quae
1172 3720 1275 3790 simul
1289 3723 1382 3790 inter·

263 3865 334 3910 esse
359 3835 544 3932 temporale
565 3834 680 3930 aliquo
702 3837 804 3906 modo
823 3851 985 3932 tangunt,
1007 3835 1122 3932 quales
1144 3853 1225 3908 sunt
1246 3860 1381 3934 genem-

264 3953 325 4022 tim
348 3950 439 4046 leges
466 3948 695 4044 disciplinares
716 3965 749 4020 et
766 3950 874 4022 multa
895 3951 997 4020 etiam
1022 3951 1202 4046 dogmate,
1221 3966 1382 4048 coguntur

263 4065 465 4162 respondere
476 4080 632 4136 neutram
645 4065 753 4136 teneri
767 4065 863 4136 alteri
878 4091 949 4138 sese
963 4067 1181 4156 submittere3
1196 4083 1231 4137 et
1242 4067 1382 4138 fatentur

263 4185 327 4254 sibi
351 4179 483 4251 nullum
512 4196 630 4252 notum
657 4207 728 4252 esse
752 4181 902 4252 medium
923 4181 967 4250 ad
994 4182 1192 4278 hujusmodi
1213 4182 1381 4252 conflictus

263 4297 537 4396 componendos,
557 4298 614 4367 sed
628 4298 760 4369 addunt
777 4301 888 4370 Deum
901 4299 1134 4394 provisurum.
1148 4302 1202 4370 En
1211 4300 1283 4395 jam
1297 4296 1381 4370 citati

264 4419 342 4490 libri
357 4417 480 4515 (quem
495 4416 670 4486 Rossuetio
688 4415 866 4514 tribuunt)
886 4416 928 4487 de
947 4416 1011 4488 bac
1031 4442 1067 4488 re
1084 4417 1187 4487 verba
1208 4441 1217 4486 ε
1232 4445 1249 4482 r
1264 4417 1298 4486 Si
1315 4415 1381 4484 due
