2982 5072
245 327 315 412 rbb
702 347 908 394 numurus

238 504 262 542 e
275 471 410 546 ferendi
424 470 638 553 amiticiam,
650 470 705 542 rui
721 483 790 540 tam
807 485 899 540 areta
910 471 955 538 sit
968 484 1003 538 ct
1017 469 1184 564 precipua
1197 493 1275 540 tum
1289 471 1370 544 reli·

237 621 260 659 ι
275 591 376 684 ginne
393 587 573 674 monerio,
587 612 656 656 non
670 589 850 681 accepisse,
865 587 942 681 quis
954 612 1057 658 sunus
1069 587 1135 656 sibi
1147 587 1367 682 persuadeat?

227 736 260 778 ,ι
276 709 357 779 Non
378 704 471 799 quod
492 719 606 776 tamen
629 701 788 797 liturgias
803 729 921 772 omnes
937 701 1138 800 apostoliens
1154 704 1196 772 iis
1220 729 1365 798 quorum

226 851 259 894 ‚e
274 823 413 892 nomine
424 819 654 914 insigniuntur
665 818 861 911 adjudicare
870 818 987 890 selim:
999 818 1145 890 sufficiat
1152 817 1368 913 liturgiarum

237 967 259 1004 ι
273 939 492 1030 antiquarum
502 937 531 1006 si
542 961 611 1006 uon
622 937 816 1030 scriptores,
826 933 945 1006 saltem
957 937 1085 1030 primos
1097 950 1255 1006 auctores
1266 935 1366 1008 luisse

236 1083 258 1122 a
270 1050 467 1153 apostolos»
478 1051 622 1146 (Grnbe,
636 1053 719 1120 inS.
734 1055 916 1136 lrcnaeunr,
929 1050 988 1124 lib.
1004 1076 1029 1139 1,
1038 1076 1113 1146 cap.
1134 1049 1168 1137 3,
1181 1032 1364 1144 annotat).

236 1169 293 1240 sit
307 1193 388 1263 ergo
408 1191 471 1261 pro
484 1166 675 1236 indubitata
688 1165 921 1254 conclusione,
933 1168 990 1260 jus
1002 1165 1140 1260 aliquod
1154 1166 1364 1261 liturgicum,

234 1309 310 1356 non
324 1309 450 1376 vagum
461 1297 565 1377 arque
580 1283 763 1371 incertum,
777 1283 840 1356 sed
850 1284 953 1356 certis
966 1281 1099 1377 legibus
1109 1297 1146 1355 et
1156 1287 1286 1355 rituum
1299 1282 1367 1354 lor·

236 1401 315 1489 mis,
338 1399 437 1470 iuitin
458 1397 564 1470 luissc
595 1400 801 1472 auctoritare
827 1397 1016 1493 apostolica
1044 1399 1238 1474 institutum
1263 1412 1367 1491 atque

219 1513 420 1586 monitum.

221 1693 226 1702 .
291 1627 448 1726 Objicr'es
463 1667 513 1682 -
533 1630 572 1696 ln
598 1624 768 1722 primitive
795 1626 956 1716 Ecclesia,
977 1628 1124 1701 liberum
1148 1627 1271 1722 cuique
1292 1643 1367 1700 eret

239 1768 316 1838 quae
328 1743 393 1811 sibi
408 1739 581 1835 placerent
595 1743 631 1809 in
648 1741 764 1814 divino
780 1742 894 1814 officio
912 1741 1135 1838 persolrmdo
1148 1756 1297 1814 cantare.
1311 1745 1367 1814 Sic

237 1856 1301 1954 enirntestatnrDurnndusblimnteusisEpiscopussstationale
1313 1859 1366 1932 di·

240 1975 398 2048 riuorum
410 1974 617 2063 officiorum,
632 1972 654 2044 Ι.
666 1997 699 2060 v,
711 1999 743 2044 c.
759 1999 801 2062 rr,
813 2000 848 2042 ιι.
864 1974 902 2069 n)
915 2001 923 2044 ε
936 1980 978 2046 ln
989 1975 1175 2070 primitiva
1190 1973 1364 2063 Ecclesia,

218 2091 379 2164 -dr'versa
392 2091 545 2188 ‚quisque
559 2115 629 2188 pm
645 2114 710 2164 sun
724 2087 818 2160 velte
839 2089 1049 2175 cantabunt,
1063 2087 1253 2160 dwnmodo
1273 2090 1373 2186 quod

236 2205 436 2278 cantabant
446 2205 497 2276 ud
508 2203 729 2276 bertrudem
741 2207 947 2301 perttirerct.
958 2207 1052 2276 Idem
1064 2205 1366 2278 offirmatdoennes

236 2321 368 2406 Beletb,
383 2323 504 2392 doctor
525 2323 733 2394 sorbonicus
747 2322 806 2416 (de
819 2321 944 2392 divinis
963 2321 1097 2410 officiis,
1113 2348 1187 2417 cup.
1211 2321 1270 2417 19)
1291 2349 1300 2392 τ
1324 2327 1367 2392 lu

230 2439 418 2534 ,prinziui’a
446 2435 612 2508 Ecclesia
641 2435 781 2506 diversa
806 2436 1012 2526 cantabant,
1038 2437 1187 2534 quisquc
1206 2461 1277 2532 pru
1302 2461 1368 2506 stro

234 2553 363 2638 libitu·
385 2554 441 2623 ito
468 2567 588 2622 tumen
609 2553 645 2622 si
675 2549 766 2622 illud
798 2550 897 2648 quod
917 2551 1095 2628 canebant
1125 2550 1178 2622 orl
1209 2550 1365 2624 dirutam

236 2667 381 2740 laudem
394 2669 599 2763 pertineret.
618 2671 669 2740 Ex
683 2667 724 2740 iis
740 2683 774 2737 et
787 2669 955 2744 similibus
970 2670 1147 2744 doctorum
1166 2669 1366 2740 testimoniis

235 2783 334 2876 sequi
354 2780 488 2851 videtur
511 2780 644 2854 nullum
664 2781 923 2855 determinatum
939 2785 997 2878 jus
1013 2783 1210 2879 liturgicum
1223 2783 1267 2854 nb
1280 2807 1366 2877 opu·

214 2969 219 2973 .
236 2897 334 2970 stolis
351 2898 454 2968 finisse
468 2899 706 2970 constitutum.
723 2939 774 2954 -
793 2901 1023 2996 Respondro:
1040 2904 1104 2985 An,
1120 2915 1156 2974 et
1174 2925 1245 2993 quo
1265 2923 1366 2972 sensu

235 3009 470 3109 apostolorum
487 3028 639 3108 tempore
653 3011 789 3086 licuerit
801 3015 926 3109 cuique
939 3014 1090 3089 fidelium
1106 3017 1139 3084 in
1154 3016 1278 3086 sanctis
1292 3039 1368 3086 con·

239 3128 412 3222 gressibus¹
428 3153 503 3222 quae
514 3126 651 3199 libuerit
663 3128 856 3216 decantare,
870 3131 1128 3226 expendendum
1143 3131 1365 3226 relinquimus

239 3244 281 3316 iis
306 3241 365 3336 qui
392 3267 433 3311 ex
454 3241 607 3336 professo
627 3240 669 3310 de
695 3244 844 3337 antiquis
866 3243 1022 3318 Ecclesiae
1045 3247 1165 3322 ritibus
1184 3244 1363 3321 disserunt.

235 3359 303 3430 Hic
331 3372 464 3428 tantum
477 3356 690 3428 advertemus
709 3355 826 3428 fulsum
852 3382 925 3442 esse
942 3357 1195 3435 conclusionem
1216 3361 1254 3428 in
1274 3360 1366 3454 obje-

208 3514 211 3521 ·
234 3475 355 3572 ctione
373 3472 562 3546 deductam.
577 3476 665 3546 Nam
680 3474 812 3548 etiamsi
825 3474 970 3569 apostoli
987 3473 1131 3546 libernrn
1143 3477 1268 3571 cuique
1284 3475 1365 3546 reli·

234 3590 392 3687 quissent
403 3586 519 3660 leudes
530 3588 662 3659 divinas
673 3590 832 3660 cantandi
846 3591 998 3672 modum,
1015 3592 1157 3663 minime
1169 3607 1365 3686 sequeretur

235 3729 298 3776 eos
312 3704 348 3774 iu
366 3701 482 3774 multis
507 3702 582 3772 eliis
604 3703 653 3773 rei
673 3701 837 3800 liturgicus
862 3706 1007 3778 formem
1034 3733 1103 3781 non
1126 3706 1365 3794 determinasse

234 3833 342 3913 atque
360 3817 613 3912 praescripsisse.
629 3821 839 3914 Sequeretur
858 3836 992 3895 tantum
1007 3824 1110 3894 ritum
1125 3821 1219 3894 illum
1242 3822 1366 3894 decan·

237 3934 333 4004 tendi
348 3935 433 4002 sacri
447 3931 551 4002 officii
566 3957 635 4002 non
650 3934 753 4007 fuisse
766 3952 859 4006 certa
882 3937 992 4010 forms
1003 3939 1047 4010 nb
1060 3939 1108 4008 eis
1120 3938 1360 4008 constitutum.

232 4047 304 4122 Sed
327 4072 436 4140 neque
458 4047 593 4141 probari
615 4065 727 4144 potest
744 4053 787 4122 ab
801 4053 965 4148 apostolis
981 4053 1157 4128 toleratam
1171 4055 1274 4126 luisse
1286 4079 1363 4124 con·
1478 4083 1479 4152 l

235 4164 406 4236 lusionem
423 4161 514 4235 illem
527 4164 793 4238 coadunatorum
804 4169 846 4240 nd
857 4191 949 4244 sacru
960 4170 1124 4262 fidelium,
1139 4187 1175 4242 et
1187 4161 1252 4267 pro
1265 4169 1361 4242 libitu

234 4279 381 4376 quisque
395 4302 458 4353 suo
470 4277 601 4350 diversa
616 4282 713 4352 simul
729 4287 950 4358 cantantium.
963 4290 1077 4378 Quam
1089 4302 1199 4358 tamen
1213 4282 1363 4381 explora·

204 4453 211 4464 .
237 4399 377 4487 tionem,
391 4409 431 4470 ut
450 4395 608 4510 diximus,
624 4397 680 4470 bic
704 4400 883 4486 brevitatis
897 4423 998 4477 ceusu
1013 4405 1215 4494 omittimus,
1229 4401 1272 4472 ud
1295 4415 1361 4473 tru-
