2978 5076
483 349 530 396 ΒΕ
554 349 641 396 tulta
666 347 869 398 ttruactcu

567 579 717 649 CAPUT
742 582 785 648 X.

97 826 233 874 vrunnu
263 823 381 874 attam
422 825 470 870 ne
504 824 699 872 unevranro
734 826 777 874 er
809 826 952 876 nussam
987 831 1239 880 onaroaronns

414 940 580 988 rusaunr
605 941 729 1000 Quuau
756 943 934 992 causatu.

162 1161 202 1232 ld
218 1159 346 1256 duplici
366 1158 468 1230 modo
487 1160 623 1254 probari
644 1175 755 1256 potest
775 1162 1064 1256 :primoquidem
1086 1165 1165 1257 quia
1186 1166 1240 1236 de·

115 1277 262 1346 buerunt
279 1275 394 1371 recipi,
411 1273 560 1346 secundo
574 1276 653 1368 quia
672 1275 714 1346 de
732 1276 822 1346 facto
837 1292 981 1371 receptae
995 1277 1144 1350 fuerunt.

161 1395 191 1462 I.
217 1390 320 1462 Nulla
331 1406 382 1460 est
395 1391 483 1459 ratio
495 1415 556 1460 cur
568 1389 665 1460 dictae
676 1392 933 1462 constitutiones
947 1417 1015 1462 non
1031 1393 1238 1489 obligatorias

115 1507 241 1576 luerint
258 1505 369 1599 quoad
387 1504 505 1576 Galliae
520 1503 688 1576 ecclesias.
708 1507 809 1576 Ratio
827 1509 914 1576 enim
933 1505 987 1576 illa
1007 1508 1239 1580 desumeretur

115 1619 165 1690 rel
189 1647 230 1691 ex
250 1635 342 1690 textu
364 1621 439 1716 ipso
454 1620 678 1706 decretorum,
698 1619 749 1690 vel
762 1646 803 1690 cx
818 1619 933 1716 aliquo
948 1621 1124 1719 privilegio
1138 1625 1238 1718 liujus

114 1738 260 1831 regionis
278 1736 424 1806 ecclesiis
439 1737 589 1831 propriu,
607 1736 641 1803 vi
652 1735 747 1829 cujus
761 1761 779 1805 a
794 1737 993 1830 recipiendis
1008 1739 1153 1833 praelatis
1166 1740 1240 1808 bul-

113 1851 152 1922 lis
172 1867 336 1948 exemptae
358 1852 519 1922 fuissent:
544 1851 638 1944 atqui
655 1866 814 1920 neutrum
834 1851 899 1922 dici
923 1868 1046 1948 potest.
1070 1857 1158 1926 Nam
1178 1855 1241 1924 de-

114 1983 204 2040 creta
230 1971 332 2038 l'iana
361 1967 562 2039 universalia
587 1983 681 2054 sunt,
709 1982 748 2038 ut
778 1967 866 2036 iufra
894 1969 1101 2059 ostendetur,
1128 1973 1240 2064 quoad

114 2082 268 2188 ecclesias
288 2105 405 2152 ornnes
420 2081 461 2150 de
477 2081 557 2174 jure
575 2080 624 2150 vel
643 2081 1076 2154 corisuetudineadstrictas
1096 2084 1240 2180 liturgiae

114 2197 175 2287 illi,
195 2223 271 2293 quae
280 2199 331 2268 Pii
350 2201 379 2268 V
398 2213 551 2293 tempore
568 2204 730 2271 Rornuuu
743 2197 809 2266 dici
822 2195 961 2268 solebat.
979 2201 1024 2266 Et
1038 2198 1124 2268 infra
1138 2200 1237 2268 etiam

112 2315 327 2408 probabitur,
341 2313 406 2384 boc
421 2338 520 2384 sensu
538 2318 725 2384 Romanam
741 2312 842 2382 tuisse
857 2312 1029 2408 liturgiam
1052 2317 1156 2383 totius
1170 2319 1239 2386 Oc·

113 2429 268 2515 cidentis,
299 2444 438 2524 excepta
460 2427 649 2500 Matidana
675 2443 709 2498 et
728 2429 953 2500 blozarabica.
980 2429 1092 2516 Unde,
1111 2445 1239 2500 attento

113 2545 401 2617 constitutionum
417 2544 597 2614 Piauaruua
612 2559 742 2630 tenore,
757 2558 887 2614 certum
905 2559 953 2612 est
969 2545 1157 2614 subeuntem
1176 2545 1240 2614 dis·

112 2661 285 2756 positione
313 2660 573 2754 comprehensas
597 2660 698 2730 fuisse
725 2685 841 2730 ornares
863 2660 1050 2732 Galliarum
1073 2661 1238 2732 eeclesias.

112 2779 185 2850 Nec
205 2772 435 2846 aliunde-ullo
464 2773 642 2868 privilegio
664 2774 858 2869 gaudebant
889 2776 1054 2870 praedictae
1082 2776 1239 2862 eeirlesiae,

113 2917 185 2988 quo
203 2892 432 2960 eximerentur
447 2914 467 2958 a
488 2889 565 2984 jure
584 2887 742 2984 liturgico
757 2915 818 2983 per
836 2890 968 2962 decreta
991 2893 1095 2962 Piana
1113 2894 1240 2960 consti·

114 3023 201 3080 tuto.
232 3009 320 3076 Nam
344 3004 436 3099 quod
461 3019 576 3100 postea
600 3030 618 3072 a
640 3001 824 3072 Gallicanis
839 3005 1064 3098 excogitatum
1087 3019 1154 3088 est,
1171 3031 1240 3074 non

113 3122 266 3217 obligare
283 3121 541 3193 constitutiones
557 3117 752 3209 Pontificius
781 3119 843 3188 nisi
863 3119 906 3186 ab
925 3119 1100 3214 Episcopis
1118 3123 1240 3217 acce'p·

114 3234 303 3321 tentnr,vel
323 3232 524 3327 intelligitur
537 3233 571 3303 id
589 3234 634 3305 ita
649 3259 718 3318 esse
737 3232 779 3302 de
801 3231 907 3302 libero
923 3236 1054 3305 Summi
1065 3236 1240 3306 Pontificis

114 3377 295 3437 consensu,
313 3348 366 3420 vel
386 3373 482 3420 non:
509 3350 535 3418 si
557 3350 660 3444 prius,
681 3350 746 3418 hoc
769 3374 837 3418 non
855 3349 918 3418 suit
936 3351 1112 3443 proprium
1128 3350 1240 3419 'eecle-

114 3468 169 3538 siis
187 3465 388 3554 (talliasse
406 3465 563 3536 omnibus
583 3462 701 3532 mundi
720 3461 867 3534 ecelesiis
885 3487 1075 3534 connnune.
1093 3467 1240 3556 Quando

113 3579 403 3676 nempe‘legitime
419 3579 564 3674 supponi
581 3593 693 3672 potest
706 3581 831 3674 Papam
851 3577 942 3648 nolle
965 3604 1024 3674 per
1042 3606 1137 3650 suam
1161 3607 1240 3652 con-

114 3697 325 3766 stitutionem
338 3693 984 3790 statimobligarearrtcacceptationem,
1004 3712 1145 3790 possunt
1163 3700 1241 3794 Epi·

114 3810 339 3906 scopi·(ut*in
356 3823 499 3881 tractatu
518 3807 561 3878 ale
586 3811 780 3906 Principiis
802 3809 880 3882 ¹suse
909 3836 979 3878 rein
1009 3811 1240 3907 probavimus)

114 3926 381 4020 acceptationem
397 3923 488 3994 illam
506 3925 763 4019 procrastinare,
778 3925 880 3996 ruodo
895 3940 1006 4012 tamen
1019 3925 1240 4021 supplicatio·

116 4065 192 4112 uem
205 4037 367 4110 adsedem
377 4037 774 4134 A-postolicamdirigant‚
787 4055 820 4108 et
830 4054 1024 4109 rernauente
1033 4040 1241 4138 obligatione

113 4155 254 4250 parendi
276 4156 302 4224 si
322 4155 526 4229 rescribatur
541 4155 689 4226 rationes
708 4169 826 4224 contra
843 4153 949 4250 legem
967 4158 1156 4250 propositas
1171 4183 1238 4226 non

113 4272 263 4366 probari.
278 4270 400 4362 Quoad
416 4272 539 4345 Pianas
555 4285 667 4342 autem
686 4271 956 4359 constitutiones,
974 4271 1092 4340 nullibi
1113 4275 1240 4365 reperi·

112 4399 171 4456 tur
196 4384 509 4481 EpiscoposGalliae
531 4387 778 4481 exemptionem
795 4387 836 4456 ab
861 4386 909 4454 iis*
927 4387 1099 4456 servandis
1119 4412 1138 4454 a
1162 4387 1239 4456 sede

1029 4499 1070 4571 13
