2982 5072
509 389 553 435 ns
576 379 667 435 sune
689 379 895 438 mentusco.
1195 347 1272 442 1⁴33

141 529 175 586 et
188 517 261 586 ani'
274 514 460 611 pmleeisse
486 535 600 611 regem
618 513 772 603 multari
791 538 870 586 vero
881 515 999 612 regem
1017 521 1067 607 B3
1089 541 1129 587 ea
1141 501 1265 589 ¹tamen

142 631 353 728 lege-ut'rex
370 635 420 718 B,
441 632 476 700 in
499 631 540 700 iis
563 655 639 725 qua
658 625 804 725 tangunt
824 621 987 703 interesse
1012 633 1101 728 regis
1118 635 1158 718 Α,
1174 630 1265 704 'nihil

141 749 268 843 absque
301 741 375 841 ejus
407 747 572 817 consensu
595 746 776 817 decernere·
798 747 914 842 possit.
940 749 981 818 ld
1007 739 1164 820 absolute
1190 773 1268 846 pos·

141 863 237 936 sitite
258 887 337 932 ¹esse
359 864 500 958 negabit
526 861 648 934 nullus.
675 867 717 932 ln
741 865 803 933 hae
824 855 938 959 porro
956 863 1134 962 hypothesi
1164 864 1271 935 amb'o

141 997 236 1074 reges
260 991 371 1048 essent
395 979 506 1073 qttoatl
539 980 717 1074 potestatis
741 969 996 1076 proprietatem
1017 995 1139 1052 mutuo
1166 980 1268 1051 inde·

141 1095 326 1191 peudentes
342 1121 351 1164 :
366 1111 486 1166 neuter
507 1097 595 1165 enim
612 1110 810 1191 potestatem
838 1105 932 1165 suam
957 1098 1084 1190 regiam
1107 1110 1269 1189 tanquam

141 1213 299 1282 minister
324 1212 462 1282 alterius
484 1227 676 1303 exerceret,
694 1212 752 1281 s‘ed
779 1213 857 1306 jure
874 1192 1083 1309 'propriaue
1105 1215 1181 1281 Deo
1208 1212 1274 1281 sci·

143 1326 222 1398 lieet
252 1327 445 1398 immediate
484 1343 637 1422 accepto.
672 1331 715 1397 ta
736 1343 864 1398 «tamen
897 1353 958 1397 rex
982 1332 1010 1398 B
1038 1353 1106 1398 non
1131 1342 1221 1397 esset
1248 1350 1270 1397 a

143 1467 222 1537 rege
247 1445 275 1512 t
297 1443 332 1511 in
348 1443 506 1512 omnibus
531 1440 654 1540 quood
671 1427 997 1514 subordinationem
1024 1441 1267 1538 independens,

144 1564 221 1628 eum
239 1558 368 1651 absque
387 1559 461 1652 ejus
477 1577 644 1628 consensu
655 1582 729 1628 ‘non
750 1573 862 1654 posset
878 1581 917 1628 ea
932 1557 1114 1628 decernere
1129 1563 1204 1652 quae
1217 1555 1270 1626 in·

145 1689 269 1743 teresse
286 1673 388 1742 vicini
407 1673 561 1767 gubernii
578 1676 796 1768 attingerent.
853 1717 856 1724 ·
889 1706 892 1716 ·
935 1665 952 1716 3
1248 1685 1251 1692 ’

182 1789 300 1877 'Quod
315 1805 428 1858 autem
447 1789 493 1858 ibi
504 1791 755 1884 supposuimus,
771 1775 1015 1861 verificaturln
1035 1804 1201 1886 potestate
1213 1813 1275 1885 pa·

145 1903 354 1974 trisfamilias
374 1904 513 1975 relative
535 1906 579 1977 ad
602 1921 800 2000 potestatem
824 1885 969 1977 civilenl.
994 1908 1159 2003 Quamvis
1179 1906 1269 1975 enim

145 2017 386 2113 paterfamilias
405 2021 461 2114 jus
483 2019 620 2114 aliquod
640 2021 853 2116 regendae'et
881 2001 1155 2090 administrandae
1172 2019 1272 2092 fami·

145 2133 197 2204 tie
218 2135 283 2204 sibi
303 2135 479 2230 proprium
507 2135 640 2217 lrabeat,
662 2150 799 2204 tenetur
822 2149 934 2204 tamen
949 2134 1152 2232 illiusjuris
1178 2155 1272 2203 exer·

147 2251 264 2318 citium
276 2252 375 2344 justis
392 2247 522 2345 legibus
534 2249 748 2318 auctoritatis
762 2247 869 2318 civilis
881 2249 1145 2319 accommodare.
1163 2249 1271 2338 Licet,

147 2364 240 2434 vet-tsi
260 2366 379 2459 gratia,
395 2364 450 2457 jus
458 2364 578 2432 lrabeat
590 2362 678 2432 filios
692 2387 771 2432 suos
785 2363 936 2458 regendi,
949 2387 1016 2432 nou
1033 2377 1143 2432 tamen
1162 2378 1274 2458 potest

148 2477 312 2572 impedire
332 2503 374 2546 ne
397 2478 459 2546 sub
483 2477 623 2563 vexillis,
648 2478 740 2571 justa
768 2478 927 2573 principis
946 2476 1018 2574 lege
1037 2478 1164 2566 vocati,
1184 2476 1272 2546 miti·

147 2606 243 2662 tent:
263 2597 353 2663 Cum
383 2593 472 2662 enim
494 2581 589 2662 Deus
615 2592 696 2662 velit
716 2607 813 2662 stare
837 2579 968 2664 ciuilem
999 2595 1166 2684 ordinem,
1196 2589 1274 2662 vult

148 2705 214 2779 hoc
232 2708 308 2800 ipso
332 2708 407 2800 jum
428 2705 667 2800 patrisfamiliae
699 2709 778 2778 huic
802 2706 928 2796 ordini,
951 2724 1116 2801 quantum
1141 2731 1279 2776 necesse

144 2835 207 2894 est
224 2821 268 2890 ad
287 2819 392 2890 civilis
413 2817 567 2913 gubernii
591 2821 781 2916 legitimum
800 2822 912 2905 finem,
928 2821 1155 2894 subordinari.
1176 2821 1277 2891 Unde

150 2934 289 3006 relative
314 2936 370 3004 ad⁴
387 2938 512 3030 regiam
538 2937 835 3031 potestatem,·jns
867 2935 1126 3030 patrisfamilias*
1143 2951 1193 3003 est
1222 2938 1276 3005 in·

150 3049 346 3146 dependens
368 3052 482 3148 q‘uoatl
503 3053 758 3148 proprietatem,
779 3077 846 3118 non
862 3065 974 3120 autem
989 3049 1101 3145 quoad
1121 3049 1276 3120 subordi-

151 3170 338 3238 nationem.
364 3189 388 3194 ”

77 3344 79 3349 .
197 3287 242 3368 ήο
261 3284 350 3353 Hine
366 3283 440 3377 jam
457 3280 611 3352 concludi
635 3274 747 3378 potest
764 3301 805 3352 ex
821 3280 1042 3352 destructione
1054 3282 1201 3351 duarum
1217 3305 1275 3376 po·

152 3413 313 3469 test-atum
332 3395 471 3466 minime
486 3396 642 3467 concludi
658 3411 755 3492 posse
773 3411 924 3466 mutuam
936 3395 1001 3464 sub
1014 3397 1108 3464 omni
1120 3409 1277 3489 respectu

152 3509 472 3610 independeutt‘um.
485 3515 569 3582 Nam
591 3507 818 3606 quando'duae
840 3525 1021 3606 potestates
1043 3515 1209 3580 non'sunt
1223 3509 1280 3582 in·

154 3628 378 3724 dependentes
398 3629 440 3696 ab
455 3629 596 3700 invicem
611 3626 732 3727 quocul
734 3629 1003 3726 proprietatem,
1023 3652 1141 3695 verurn
1158 3640 1209 3695 est
1222 3651 1281 3695 eas

154 3769 223 3814 non
241 3769 317 3814 esse
334 3743 472 3838 proprie
491 3742 682 3833 distinctas3
700 3767 776 3812 cum
797 3745 885 3812 enim
907 3768 973 3812 una
990 3766 1057 3811 non
1075 3742 1198 3810 sitnisi
1214 3740 1278 3809 mi·

155 3862 262 3931 nister
276 3858 425 3945 alterius,
441 3884 509 3927 non
531 3859 627 3946 duas,
642 3860 698 3928 setl
724 3884 837 3947 ursam,
851 3861 966 3928 stricte
988 3847 1171 3951 loquendo,
1186 3871 1284 3952 pote·

155 3989 275 4045 statem
290 3973 439 4068 efficiunt
451 3999 460 4060 3
474 3975 521 4043 sie
536 3973 604 4063 ror,
619 3989 653 4044 et
668 3975 772 4070 ipsius
786 3975 953 4060 minister,
969 3972 1010 4042 ad
1024 3959 1285 4068 gubernandam

156 4091 245 4184 regis
264 4090 403 4159 nomine
418 4106 454 4160 et
475 4091 676 4161 auctoritate
694 4088 839 4182 aliquam
857 4089 1063 4182 provinciam
1088 4078 1281 4182 deputatus,

157 4231 219 4299 pro
244 4229 312 4276 ana
333 4220 366 4274 et
389 4205 504 4274 eadem
530 4220 694 4300 potestate
708 4206 815 4300 accipi
837 4199 958 4274 solent,
977 4210 1022 4274 At
1042 4227 1122 4271 vero
1144 4201 1283 4296 quando

158 4339 302 4418 utraque
317 4337 464 4418 potestas
478 4322 521 4389 ab
539 4319 644 4390 altera
659 4320 770 4414 quoad
787 4321 1032 4415 proprietatem·
1049 4313 1286 4410 independens

159 4453 219 4527 est,
237 4463 314 4508 vere
332 4437 497 4508 distincta
513 4452 606 4526 sunt,
623 4452 657 4506 et
677 4451 788 4508 tumen
808 4435 880 4506 steri
905 4449 1016 4530 potest
1037 4447 1075 4501 ut
1095 4432 1153 4516 tani
1172 4429 1286 4500 altere
