3004 5070
514 344 560 389 nn
584 343 672 390 suan
696 343 899 390 ennnotco.
1198 321 1271 420 ²59

148 473 368 560 riationibus,
403 470 592 545 adstrictas.
622 477 713 568 Ergo
737 473 838 542 'dietae
865 471 1024 562 ecclesie,
1054 489 1174 571 utpote
1204 503 1269 573 pro

27 605 28 608 ,
146 591 275 686 quihus
285 589 347 684 jus
357 601 526 658 mutatum
545 613 616 658 non
633 603 695 675 est,
711 589 824 658 adbuc
839 589 1103 684 adstringuntur
1119 591 1271 692 lt'tqut'ae

147 705 317 778 Ecclesia
344 711 514 774 Romanam
532 729 573 774 eo
601 729 698 774 sensu
721 703 900 774 intellectae
922 731 991 798 quo
1018 706 1273 802 intelligebatur

95 893 98 900 ,
149 839 304 918 tempore
323 824 357 890 S.
378 821 429 890 Pii
448 823 492 902 V,
510 819 608 888 idest
626 819 740 914 quoad
756 821 977 889 substantiam
991 836 1024 889 et
1036 845 1114 890 curn
1128 828 1286 920 propriis*

147 935 354 1031 quibusdam
367 933 620 1003 variationibus.
638 937 730 1028 Ergo
755 933 909 1004 locorum
934 936 1098 1006 ordinarii
1121 940 1155 1006 in
1175 940 1274 1012 dictis

148 1051 299 1123 ecclesiis
313 1077 382 1119 non
400 1065 542 1144 possunt
557 1047 728 1144 liturgiam
750 1049 795 1118 ita
812 1066 944 1120 mutare
959 1066 1080 1120 utnon
1098 1071 1276 1128 remaneat

149 1173 312 1238 Romana
337 1165 435 1260 juxta
455 1165 651 1259 praedictum
664 1189 819 1252 sensnm3
837 1191 919 1262 ergo
948 1191 1021 1234 eam
1043 1191 1113 1235 non
1133 1187 1274 1264 possunt

150 1297 283 1354 mutare
312 1277 597 1366 substantialiter3
629 1305 711 1376 ergo
743 1305 813 1350 nou
840 1297 980 1376 possunt
1013 1309 1133 1352 novam
1162 1287 1274 1380 quoad

149 1395 382 1468 substantialia
400 1393 626 1464 introducere.

199 1517 365 1582 Praeterea
392 1535 447 1579 eas
469 1525 602 1580 tantum
620 1509 777 1579 eeclesias
799 1512 925 1604 excipit
942 1515 976 1581 S.
999 1513 1076 1582 Pius
1097 1519 1141 1601 V,
1167 1543 1276 1611 quaa

149 1627 305 1697 ducentis
321 1627 418 1694 anuis
437 1626 574 1720 propria
588 1639 734 1695 utuntur
749 1623 898 1721 liturgia.
913 1626 979 1696 Sed
994 1630 1107 1697 statim
1119 1655 1159 1700 ac
1174 1631 1277 1702 Ordi-

151 1746 266 1813 narius
282 1742 485 1811 breviarium
500 1755 532 1809 et
547 1739 680 1810 missale
696 1741 850 1810 ducentis
865 1741 964 1812 annis
980 1745 1186 1840 antiquiora,
1198 1773 1276 1818 cum

151 1884 242 1928 noto
256 1857 425 1926 breviario
439 1871 472 1926 et
490 1855 614 1925 missali
636 1855 905 1927 substantialiter
927 1857 1068 1928 divorsis
1084 1881 1278 1933 commuta-

151 1976 212 2061 vit,
226 1973 296 2066 jam
313 1971 433 2041 falsum
458 1971 570 2040 evadit
600 1972 634 2039 in
665 1996 704 2040 ea
731 1969 869 2041 ecclesia
893 1973 1033 2042 existere
1059 1971 1229 2072 liturgiam
1257 2005 1277 2048 a

151 2089 290 2158 decreto
314 2089 419 2156 Piano
442 2102 637 2181 exceptam
653 2111 737 2181 ergo
754 2113 792 2155 ca
813 2085 951 2158 ccclesia
978 2091 1042 2158 sub
1060 2092 1126 2159 vim
1151 2093 1277 2164 decreti

152 2204 248 2276 Plani
264 2203 372 2289 cadit3
387 2228 471 2296 ergo
489 2201 602 2296 quoad
622 2201 728 2294 ipsam
747 2203 818 2295 mitt
842 2217 943 2298 urget
962 2222 1166 2300 praeceptum
1187 2211 1277 2277 acci·

153 2319 267 2416 piendi
281 2320 487 2388 breviarium
505 2333 540 2387 et
559 2315 691 2388 missale
711 2319 875 2405 Piaunm3
895 2343 977 2413 ergo
997 2319 1208 2416 illegitimum
1228 2342 1279 2394 est

153 2461 279 2506 novum
305 2435 510 2504 breviarium
529 2449 563 2504 et
589 2431 722 2502 missale
747 2433 789 2500 ab
816 2433 1000 2503 Ordinatio
1029 2437 1278 2510 introductum.

152 2551 267 2644 Unde,
301 2565 340 2618 ut
372 2549 469 2620 dictae
487 2547 636 2618 ecclesiae
664 2547 832 2642 gaudeant
859 2551 1057 2646 exceptione
1084 2551 1118 2620 in
1145 2553 1281 2626 decreto

153 2669 261 2738 Piano
291 2691 455 2762 expressa,
482 2690 616 2734 necesse
639 2666 780 2732 omnino
810 2679 860 2734 est
874 2650 918 2734 'ut
937 2683 1147 2754 conservent,
1166 2673 1280 2765 quoad

155 2781 378 2854 substantiam
403 2779 533 2867 saltem,
560 2803 659 2848 suum
685 2779 892 2848 breviarium
916 2795 950 2848 et
969 2779 1103 2852 missale
1126 2784 1281 2856 ducentis

153 2900 253 2968 annis
270 2897 474 2990 antiquiora.
489 2893 577 2963 lllnd
595 2895 685 2962 euim
705 2893 909 2964 breviarium
938 2906 971 2962 et
993 2895 1134 2983 missale,
1154 2916 1189 2968 et
1211 2925 1279 2969 non

154 3013 247 3084 aliud
266 3013 436 3082 diversum
451 3025 484 3079 et
499 3035 638 3094 novum,
660 3009 791 3102 excepit
809 3011 846 3078 S.
867 3010 945 3076 Pius
968 3011 1012 3079 V.
1036 3011 1200 3100 Quaenam
1221 3035 1282 3084 au-

156 3144 224 3198 tem
240 3129 431 3197 immutatio
442 3127 570 3196 censeri
585 3125 706 3194 debeat
724 3121 954 3194 substantialis
966 3141 1027 3195 aut
1042 3153 1112 3196 non
1128 3132 1285 3202 substan·

157 3244 258 3334 tialin,
276 3269 346 3314 non
365 3242 500 3314 ridetur
514 3263 613 3338 posse
631 3236 745 3334 regula
768 3221 919 3334 geneiali
944 3239 1093 3329 decerni,
1115 3243 1171 3311 sed
1191 3269 1210 3312 a
1225 3245 1283 3339 jn·
1356 3329 1359 3333 Ι

156 3361 247 3432 dicio
268 3358 475 3456 prudentum
493 3355 652 3452 pendere.

207 3476 301 3546 Idem
312 3489 445 3545 constat
457 3475 596 3568 insuper
616 3498 657 3542 ex
671 3469 798 3539 recenti
810 3472 844 3539 S.
861 3471 1143 3568 congregationis
1156 3479 1282 3548 rituum

157 3591 387 3664 declaratione
406 3589 473 3660 diei
496 3615 540 3660 to
554 3587 703 3684 januarii
717 3584 823 3658 1852.
834 3587 982 3660 Ecclesia
1001 3589 1158 3664 videlicet
1173 3598 1285 3666 Ceno·

159 3708 329 3778 mariensis
355 3708 388 3775 in
421 3705 542 3793 Gallie,
567 3706 707 3802 proprio
737 3705 904 3774 breviario
929 3722 963 3776 et
985 3706 1108 3776 missali
1131 3709 1285 3782 ducentis

158 3826 258 3896 annis
276 3823 477 3917 antiquiore,
501 3822 608 3891 sancti
631 3821 726 3889 Piiv
763 3837 917 3915 tempore
950 3821 1123 3911 utebatur3
1143 3847 1286 3922 eamque

158 3941 343 4037 liturgiam,
355 3939 399 4008 ad
418 3939 561 4007 sormam
583 3937 692 4006 Pianae
713 3949 915 4021 correctam,
932 3938 1076 4006 servavit
1094 3937 1137 4007 ad
1154 3965 1283 4012 annum

159 4055 494 4152 nsquc1748:qno
516 4067 667 4146 tompore
695 4049 964 4120 substantialiter
992 4052 1163 4125 dinersum
1189 4061 1289 4128 novi.

159 4186 281 4266 terque
304 4167 494 4238 confectum
518 4165 723 4235 breviarium
751 4180 784 4234 et
810 4165 943 4238 missale
960 4167 1137 4239 inductum
1155 4189 1215 4241 est.
1238 4177 1288 4245 tte

160 4287 210 4360 sic
237 4285 401 4382 exposta,
430 4281 615 4378 postularit.
641 4280 847 4360 recinctus
865 4283 1000 4372 bottis,
1025 4289 1288 4390 Cenomanensis

159 4402 354 4490 canonicus,
365 4427 383 4470 a
394 4405 495 4471 Sacra
512 4399 783 4494 Congregatione
798 4397 959 4470 declarari
982 4427 989 4468 ε

1062 4522 1116 4594 ¹7·
