2934 5074
218 309 287 383 136
675 333 881 384 nascamus

213 460 308 532 dium
328 457 372 530 ad
388 458 491 542 finem
510 445 679 532 societatis
697 458 804 532 civttts
823 459 1059 548 obtinendum,
1072 462 1212 534 societas
1228 458 1344 532 civilis

213 599 234 646 e
256 588 373 646 contra
396 575 550 647 instituta
576 578 691 646 aneo
713 573 908 670 aestimanda
929 589 981 646 esu¹
1003 588 1164 668 tanquam
1187 573 1344 646 medium

212 685 258 758 ad
283 685 383 764 finem
407 688 573 764 societatis
594 687 837 763 ecclesiastiae.
859 688 941 762 Ideo
965 689 1093 787 qnippe
1112 692 1205 776 Deus
1227 687 1342 759 voluit

212 801 369 872 homines
396 801 546 899 singulos
568 805 672 876 vitam
697 805 731 875 in
754 803 853 876 terris
871 801 1071 898 aliquandiu
1094 827 1206 899 agere,
1230 819 1270 874 ut
1297 802 1344 872 li·

213 917 297 988 bere
323 933 357 987 et
379 919 551 989 meritorie
577 918 718 990 salutem
738 934 897 992 aeternam
921 918 988 992 sibi
1008 929 1223 1012 comparem
1245 917 1344 1011 quod

214 1045 252 1102 ut
277 1057 440 1126 peragere
463 1033 602 1127 possint,
617 1033 765 1106 instituit
782 1031 964 1110 Ecclesiam
986 1059 1063 1128 quse
1085 1032 1226 1128 singulis
1251 1041 1344 1104 esset¹

212 1146 489 1218 sanctificationis
503 1148 670 1243 ¹magistra
694 1164 728 1234 et
754 1149 1034 1236 instrumentunn
1054 1163 1088 1224 et
1110 1149 1166 1224 hie
1184 1163 1235 1220 est
1262 1147 1344 1218 linis

211 1261 404 1356 praecipuus
424 1287 443 1330 a
466 1265 539 1332 Deo
564 1263 714 1353 intentus
736 1263 848 1357 quoad
868 1263 1024 1334 homiues
1044 1263 1081 1334 in
1099 1264 1195 1336 terris
1216 1263 1344 1357 degen-

214 1389 275 1462 tes,
290 1391 329 1448 ut
351 1375 538 1448 catholicus
556 1379 699 1473 quisque
721 1378 878 1452 confiteri
908 1378 1017 1450 debet.
1036 1379 1088 1452 Ad
1109 1379 1201 1466 hune
1222 1393 1343 1448 autern

212 1489 315 1562 finem
327 1491 576 1586 assequendum
589 1495 795 1570 necessarius
806 1509 857 1564 est
870 1492 976 1562 civilis
988 1492 1124 1587 quidam
1135 1492 1243 1581 ord03
1259 1493 1342 1588 quia

212 1619 254 1690 ut
273 1607 425 1677 homines
452 1632 573 1700 vacare
594 1609 724 1702 possint
745 1608 836 1681 dicto
860 1609 920 1694 lini
940 1607 1107 1704 religioso,
1133 1633 1266 1681 neeesse
1290 1619 1342 1680 est

213 1723 303 1792 utin
321 1737 397 1793 tuto
411 1737 444 1790 et
459 1723 493 1791 in
510 1723 656 1818 quadam
675 1722 921 1820 tranquillitate
937 1738 1136 1818 protegatur
1151 1737 1184 1793 et
1203 1735 1341 1792 counr-

212 1851 314 1906 vetur
334 1854 454 1906 eorum
471 1839 540 1907 vita
557 1837 768 1934 temporalis3
792 1839 835 1909 ad
850 1839 945 1932 qarod
965 1838 1180 1908 alliciendum
1198 1839 1343 1908 societas

213 1951 320 2020 civilis
339 1953 494 2023 instituta
509 1954 585 2042 suit.
605 1959 696 2049 Ergo
711 1979 788 2024 cum
809 1953 1070 2028 societatessint
1090 1954 1179 2038 inter
1196 1978 1231 2024 se
1253 1953 1339 2024 sieut

167 2134 170 2144 ,
214 2067 346 2160 proprii
367 2093 484 2141 eorum
513 2069 609 2156 fines,
626 2068 898 2154 concludendum
915 2069 1110 2143 sacietatem
1130 2066 1264 2139 ciuilem
1285 2091 1340 2137 ee-

213 2181 406 2264 clesiasticae
420 2182 648 2254 subordinari.
668 2187 761 2280 Ergo
777 2184 804 2255 si
824 2199 945 2256 natura
967 2185 1143 2278 utriusque
1164 2183 1344 2277 potestatis

215 2297 428 2390 inspiciatur,
452 2323 525 2366 non
556 2313 699 2396 possunt
727 2296 891 2393 regalistae
920 2299 1065 2393 probare
1094 2298 1340 2392 subjectionem
1456 2301 1457 2368 ζ

214 2409 371 2482 Ecclesiae
390 2437 467 2507 erga
485 2411 613 2482 civilem
633 2428 836 2508 potestatem
863 2414 1033 2508 principis.
1107 2477 1108 2480 ,

228 2585 232 2592 ,
263 2528 336 2595 Nec
348 2523 430 2594 illud
439 2527 582 2619 probare
595 2542 737 2621 possunt
752 2553 795 2596 ex
810 2526 876 2596 nlla
886 2527 1101 2624 positivaDei
1110 2525 1336 2598 ordinatione.

215 2643 486 2736 Textusquidern
499 2644 788 2738 etfactaquaedam
803 2644 969 2740 allegant;
984 2660 1017 2714 at
1028 2671 1068 2715 ex
1089 2645 1141 2734 iis,
1160 2671 1204 2714 ne
1220 2647 1339 2716 umbra
1456 2693 1457 2738 3

216 2741 353 2852 quidem
365 2759 574 2852 probationis
595 2761 629 2829 in
642 2747 774 2830 sensum
789 2786 888 2846 snum
899 2785 1018 2830 eruere
1029 2781 1031 2788 ’
1040 2776 1184 2854 possunt
1195 2759 1250 2856 (ut
1267 2761 1341 2830 fuse

214 2872 397 2966 probamus
419 2874 452 2941 in
473 2865 616 2945 tractatu
636 2873 680 2953 de
684 2891 863 2971 potestate
874 2875 1044 2964 Ecclesiae
1061 2874 1207 2945 relative
1221 2873 1274 2944 ad
1287 2899 1341 2944 so·

217 2987 363 3068 cicentes
379 2986 523 3077 cr'viles).
545 2987 793 3083 Undequando
810 2991 857 3060 sic
868 2991 1112 3080 ratiocinantur
1127 3014 1139 3058 s
1153 2987 1337 3082 cin'lespo·

217 3117 327 3172 testas
352 3101 590 3200 independens
614 3121 668 3176 est
688 3108 730 3188 in
754 3121 830 3176 toan
849 3105 1101 3203 gubernatione
1128 3103 1339 3200 renspozetu·
1456 3169 1457 3194 p

218 3239 301 3315 ergo
327 3215 429 3286 debet
442 3243 549 3314 posse
578 3218 742 3290 ordinare
769 3223 876 3290 etiam
900 3220 1161 3292 ecclesiasticus
1188 3243 1246 3290 res
1263 3243 1341 3316 que
1456 3203 1457 3248 ³

214 3329 511 3429 gubernationem
541 3334 770 3430 temporalem
797 3351 966 3434 tangerem
992 3335 1166 3428 quomodo
1179 3399 1181 3404 .
1194 3361 1266 3405 non
1288 3335 1338 3404 ri·

216 3446 301 3517 dent
320 3447 407 3516 idem
428 3449 642 3520 ratiocinium
660 3451 793 3520 institui
816 3463 912 3545 posse
935 3451 1141 3544 inlevorem
1166 3449 1341 3544 potestatis

215 3560 468 3632 ecclesiasticae?
487 3564 563 3633 Dici
586 3565 677 3635 enim
695 3565 821 3660 pariter
840 3579 976 3658 posset:
997 3564 1254 3636 Ecclesiastico
1269 3590 1337 3661 po·

213 3690 325 3746 testas
354 3674 590 3771 independens
621 3694 674 3748 est
700 3681 737 3748 in
764 3695 838 3749 totu
861 3679 1115 3778 gubernatione
1142 3679 1339 3776 spiramenti,-

214 3817 295 3889 ergo
310 3791 415 3862 debet
428 3818 539 3890 posse
556 3793 720 3866 ordinare
737 3821 795 3865 res
814 3798 922 3868 eleum
940 3795 1055 3866 ciuiles
1072 3819 1153 3892 quae
1167 3793 1336 3892 guberne·

213 3908 345 3986 tionem
373 3907 591 4002 spiritualem
612 3925 773 4010 tangunt.
795 3915 887 4004 Ergo
907 3911 1030 3994 inlrac
1047 3910 1233 4003 questione
1258 3907 1338 3980 nilsil

215 4020 352 4117 prolicit
373 4022 530 4116 probasse
549 4039 751 4120 potestatem
767 4025 898 4096 civilem
913 4050 983 4094 esse
997 4021 1286 4120 iidependemem
1297 4023 1340 4094 al}

215 4135 440 4210 ecclesiastica
458 4137 570 4230 quoad
592 4142 832 4236 proprietatem
857 4166 915 4210 seu
935 4139 1051 4234 quoad
1068 4139 1148 4233 jura
1169 4139 1236 4218 sibi
1264 4161 1339 4233 pro·

216 4253 302 4351 pria.
322 4251 389 4324 Sed
417 4266 530 4323 utrum
558 4255 786 4350 independens
812 4257 913 4326 etiam
935 4256 979 4324 sit
999 4253 1112 4349 quoad
1136 4251 1336 4324 subordina-

216 4370 358 4443 tionem.
377 4365 486 4456 idest,
506 4381 622 4438 istrum
643 4369 714 4464 ipsa
736 4369 982 4458 ecclesiastieae,
999 4393 1140 4460 ansero
1155 4369 1220 4464 ipsi
1233 4363 1334 4440 ecele-
