3004 5070
516 381 564 426 DE
586 378 674 428 tutte
698 379 905 428 struentem
1202 383 1268 465 191

197 512 356 582 Urbanus
382 511 466 580 VIII
489 508 524 577 in
553 535 612 578 sua
640 508 732 578 bulla
760 511 929 600 Quamvis
953 509 1064 600 alins,
1085 534 1272 590 correctam

148 623 353 720 pontificalis
372 624 556 694 editionem
584 622 772 718 publicans,
793 649 862 692 non
879 639 1010 694 tantum
1032 629 1152 700 eodem
1171 637 1273 707 modo

147 767 187 810 ac
208 740 362 810 Clemens
376 742 462 810 VIII
482 739 525 806 ad
544 763 616 808 eam
637 765 754 808 omnes
769 737 924 808 ecclesias
942 741 1203 840 adstringit,sed
1218 752 1274 820 in-

147 881 248 953 super
269 855 418 924 decernit
446 879 514 923 non
545 880 641 951 posse
668 854 817 950 imprimi
837 854 1042 950 pontificalia
1068 863 1131 931 nisi
1164 863 1205 934 de
1231 867 1272 936 li-

148 973 256 1040 ecutia
276 971 526 1064 Inquisitorum
537 985 598 1040 aut
614 971 897 1060 Ortlinariorum3
917 997 990 1053 eam
1008 1000 1090 1044 vero
1104 976 1273 1054 licentiam

148 1086 287 1156 concedi
318 1111 386 1154 non
422 1111 519 1179 posse
549 1085 612 1154 nisi
645 1101 824 1182 postquam
856 1085 1035 1160 collatione
1062 1091 1149 1163 lacta
1182 1116 1274 1170 certo

148 1203 334 1274 constiterit
352 1201 394 1272 de
414 1201 563 1298 perfecta
582 1229 659 1280 cunr
681 1207 835 1306 Romana
853 1203 1001 1276 editione
1021 1209 1274 1308 conformitate3

148 1321 250 1417 idque
262 1323 324 1391 sab
344 1321 450 1416 poenis
465 1322 689 1416 gravissimis,
708 1348 850 1430 nempe?

197 1466 214 1502 a
228 1435 333 1526 Quod
345 1437 460 1530 siquis
473 1462 687 1534 quacumque
700 1437 821 1526 forma,
832 1453 951 1510 contra
967 1445 1198 1539 praescriptum
1210 1449 1274 1520 hoc

148 1549 376 1650 «pontificale
399 1532 612 1639 Romanum,
634 1568 694 1624 aut
719 1555 953 1650 typographus
972 1557 1191 1654 impresserit,
1216 1582 1274 1636 aut

149 1701 164 1733 a
183 1665 366 1762 bibliopola
382 1667 591 1754 vendiderit,
606 1682 699 1739 extra
719 1667 883 1737 ditionem
902 1685 1052 1741 nostram
1074 1673 1275 1748 ecclesiasti·

150 1813 166 1848 a
181 1808 252 1852 caut
269 1783 622 1852 excommunicationis
636 1779 711 1852 latae
725 1784 899 1852 sententiae
914 1809 1019 1879 poenae
1034 1788 1271 1882 subjaceant...

149 1926 166 1960 a
182 1898 403 1990 Inquisitores
431 1921 526 1982 ver0,
545 1895 767 1991 locorumque
788 1895 963 1967 Ordinarii
987 1899 1182 1972 facultatem
1211 1906 1276 1976 ltu·

148 2041 165 2074 «
179 2010 330 2104 jusmodi
347 2037 414 2080 non
431 2012 525 2106 prius
541 2009 740 2096 concedant,
761 2037 862 2104 quam
877 2012 1083 2106 pontificale,
1099 2031 1168 2086 tam
1184 2037 1274 2107 aute,
1299 2093 1301 2098 ,

147 2153 284 2222 aquam
308 2143 384 2222 post
403 2127 675 2224 impressionem,
704 2153 781 2198 curn
803 2125 870 2196 lroc
895 2128 969 2224 ipso
994 2131 1174 2228 exemplari
1199 2137 1275 2208 dili·

147 2271 164 2306 a
184 2258 301 2338 genter
324 2243 551 2328 contulerint,
575 2259 609 2314 et
638 2241 723 2312 uilril
751 2241 843 2314 iniis
868 2243 1037 2330 additum,
1067 2247 1275 2354 detractum·⁴

149 2384 251 2452 aque
278 2357 510 2454 cognoverint.
537 2362 579 2428 In
603 2359 675 2453 ipsa
699 2373 812 2427 autem
837 2358 1012 2447 facultate,
1040 2364 1137 2458 cujus
1166 2393 1276 2438 exeru-

148 2503 164 2536 «
183 2472 277 2568 plum
295 2475 330 2542 in
351 2473 416 2543 fine
435 2488 494 2543 aut
522 2473 621 2543 initio
650 2473 893 2568 cujuscumque
907 2475 1109 2570 pontificalis
1133 2480 1275 2578 impres·

149 2617 166 2652 a
184 2613 259 2656 sum
281 2613 416 2684 semper
438 2587 604 2671 addatur,
626 2588 833 2657 mentionem
857 2615 961 2660 manu
982 2593 1122 2690 propria
1151 2596 1276 2669 faciant

147 2703 342 2774 «absolutae
364 2703 558 2798 hujusmodi
587 2701 776 2774 collationis
806 2721 1012 2802 repertaeque
1033 2709 1277 2784 conformatio-

149 2848 166 2883 α
187 2819 292 2908 nis...;
319 2821 382 2888 sub
412 2845 511 2914 poena
535 2821 792 2916 inquisitoribus
819 2821 1017 2915 privationis
1037 2851 1176 2896 suorum
1202 2829 1277 2898 offi-

147 2963 163 2996 c
184 2935 376 3020 ciorum...;
397 2933 587 3003 Ordinariis
602 2959 682 3004 vero
700 2932 864 3021 locorum,
879 2937 1108 3028 suspensionis
1121 2965 1140 3008 a
1155 2940 1276 3012 divinis

148 3077 165 3112 a
189 3074 227 3117 ac
248 3049 417 3119 interdicti
442 3049 484 3118 ab
503 3049 652 3144 ingressu
675 3047 848 3120 ecclesiae:
873 3074 992 3120 eorum
1015 3077 1094 3141 verp
1124 3056 1274 3144 vicariis,

149 3165 383 3262 «privationis
408 3163 601 3233 officiorum
631 3177 665 3232 et
687 3162 930 3234 beneficiorum
960 3190 1119 3258 suorum,
1144 3196 1275 3242 necnon

149 3273 168 3344 α’
187 3278 544 3352 excommunicationis
559 3277 685 3372 absque
695 3276 758 3346 alia
775 3277 1002 3350 declaratione
1020 3281 1241 3356 incurrendae.
1258 3317 1275 3353 u

196 3397 289 3492 Ergo
311 3395 398 3465 sicut
416 3394 527 3489 quoad
549 3392 852 3503 martyrologium,
878 3396 924 3464 ita
942 3397 1055 3490 quoad
1083 3400 1277 3492 pontificale

149 3513 341 3580 Romanum
360 3509 412 3586 lea
433 3509 629 3580 universalis
646 3525 715 3597 est,
730 3536 846 3579 omnes
864 3511 991 3606 absque
1010 3516 1209 3612 exceptione
1229 3515 1276 3587 la-

149 3627 237 3696 tinas
256 3626 409 3697 ecclesias
429 3627 609 3722 attingens.
629 3625 732 3716 Quod
755 3627 883 3721 pariter
901 3627 1078 3698 confirmat
1096 3629 1275 3702 declaratio

149 3766 251 3812 sacrae
273 3743 557 3838 Congregationis
589 3741 717 3810 rituum
743 3741 810 3810 diei
848 3765 890 3810 10
917 3741 1066 3838 januarii
1099 3743 1208 3834 1852,
1233 3747 1275 3816 ad

150 3858 386 3930 Revereudnm
403 3859 604 3931 canonicum
622 3855 743 3948 ¹Lottin
766 3855 916 3948 directa,
936 3872 970 3925 et
990 3857 1052 3928 sub
1071 3861 1276 3957 precedenti

149 3973 364 4071 paragrapho
390 3969 505 4044 relata.
528 3969 630 4041 Unde
661 3969 862 4068 pontificalis
884 3969 1030 4066 quilibet
1057 3971 1142 4046 liber
1166 4001 1185 4046 a
1206 3981 1275 4048 Ro-

148 4115 252 4158 mano
268 4087 433 4182 diversus,
451 4113 550 4184 quem
568 4087 632 4159 sibi
651 4085 765 4182 aliqua
782 4085 919 4156 ecclesia
936 4087 1110 4187 conflaret,
1131 4117 1193 4188 pro
1207 4091 1275 4174 illi·

151 4197 271 4301 g'itimo
291 4231 431 4304 prorsus
454 4221 487 4276 et
502 4206 565 4276 sub
580 4205 692 4302 poenis
707 4203 881 4311 probibito
896 4221 980 4277 essct
996 4207 1185 4283 habendus.
1251 4194 1254 4204 ⁴
