2982 5072
480 365 528 411 nn
552 365 640 414 sune
665 365 871 416 ntruacmo.
1172 375 1241 449 ¹09

109 508 246 590 pastor;
265 515 349 590 ergo
368 504 408 562 ut
432 494 606 562 Romanus
627 491 783 562 Pontifex
803 495 846 564 sit
862 517 942 566 vere
960 494 1160 570 universalis
1177 504 1242 572 Ec·

109 608 217 680 clesiae
232 621 359 702 pastor,
374 605 473 676 debet
486 631 584 701 posse
601 605 731 702 legibus
751 609 820 678 suis
842 607 1012 706 liturgiam
1031 613 1159 709 ubique
1174 633 1242 688 ter·

109 748 226 794 rarum
242 722 477 792 determinare.
488 721 528 792 2⁰
543 724 684 794 Certum
698 737 749 792 est
761 726 917 794 Romano
931 727 1091 803 Pontifici
1106 754 1181 800 com
1184 758 1241 827 pe·

109 854 180 910 tere
194 839 389 933 pn‘matum
406 834 668 934 Jurtsdr'ctioruir
685 839 721 906 in
737 837 928 910 universam
947 841 1152 934 Ecclesiam;
1178 872 1240 920 nec
1303 854 1305 858 ’

107 952 274 1026 catholice
293 954 396 1022 sentit
413 954 473 1046 qui
493 951 560 1025 hoc
582 967 695 1050 negat.
712 956 762 1024 Ut
787 967 900 1024 autem
925 955 1048 1051 aliquis
1072 985 1150 1031 vere
1176 962 1237 1034 ha-

106 1070 187 1140 beat
215 1067 398 1162 primatum
416 1066 663 1162 jurisdictionis
681 1067 923 1155 ecclesiastice,
943 1095 1013 1160 seu,
1030 1074 1124 1166 quod
1148 1076 1236 1148 idem

107 1198 170 1274 est,
192 1197 232 1252 ut
249 1182 373 1252 habeat
391 1207 584 1276 supremam
607 1196 807 1277 potestatem
827 1185 1085 1280 gubernativam
1107 1189 1143 1258 in
1162 1216 1236 1260 om·

106 1324 178 1388 nes,
200 1296 314 1391 quoad
333 1295 535 1392 spiritualia,
567 1323 700 1372 necesse
726 1315 841 1370 estut
869 1299 981 1372 nullus
1006 1300 1094 1374 alius
1116 1305 1236 1377 existat

105 1417 167 1512 qui
186 1417 295 1510 possit
311 1414 578 1510 independenter
595 1417 638 1488 ab
658 1443 699 1488 eo
717 1416 805 1514 leges
821 1418 908 1491 ferre
927 1417 970 1488 de
990 1416 1158 1514 aliquare
1183 1447 1236 1493 ec·

104 1531 289 1603 clcaiastica
311 1533 362 1602 :si
385 1533 476 1602 enim
497 1531 616 1626 aliquis
638 1535 837 1629 Episcopus,
864 1535 960 1606 verbi
986 1537 1106 1632 gratia,
1122 1555 1235 1632 posset

104 1648 139 1718 iu
159 1673 220 1718 sua
246 1648 382 1719 dioecesi
409 1648 452 1718 de
478 1648 579 1718 rebus
608 1646 840 1740 ecclesiasticis
863 1647 952 1746 leges
969 1650 1057 1722 ferre
1072 1652 1235 1749 indepen-

104 1763 257 1834 dentera
278 1767 383 1857 Papa,
405 1760 528 1832 falsum
546 1777 633 1834 esset
650 1769 775 1859 Papam
797 1764 922 1836 habere
941 1767 976 1834 in
991 1766 1234 1864 huncEpisco·

102 1904 182 1975 pum
208 1879 303 1948 etin
331 1878 421 1948 hanc
448 1877 618 1950 dioecesim
649 1903 842 1976 supremam
871 1879 1143 1974 jurisdictionem
1171 1909 1231 1956 seu

100 1995 284 2090 primatum
298 1991 554 2086 jurisdictionis.
572 1992 637 2062 Sed
657 1991 745 2084 leges
759 1993 847 2064 serre
866 1993 908 2064 de
928 1993 1065 2092 liturgia
1084 1999 1231 2092 pertinet

100 2107 350 2204 quammaxime
382 2106 424 2176 ad
451 2106 724 2202 jurisdictionem
745 2107 1021 2198 ecclesiasticam
1044 2135 1126 2205 ergo
1159 2137 1230 2184 non

98 2239 211 2318 potest
235 2225 419 2318 quisquam
441 2223 477 2292 in
499 2220 567 2292 ulla
594 2220 731 2294 ecclesia
760 2223 886 2294 habere
910 2221 1180 2318 independenter
1209 2252 1227 2296 a

96 2343 189 2433 Papa
214 2338 271 2430 jus
302 2334 475 2434 liturgiam
495 2335 682 2434 regulandi.
707 2335 748 2408 3⁰
774 2341 914 2410 Certum
937 2353 1005 2428 est,
1022 2363 1062 2408 ex
1082 2339 1228 2412 concilio

97 2452 310 2539 Tridentino,
331 2456 486 2523 Romano
508 2451 664 2522 Pontifici
686 2466 878 2546 competere
894 2477 1096 2548 supremam
1113 2454 1148 2524 in
1161 2459 1227 2526 Ec·
1254 2501 1257 2506 -

96 2565 198 2638 clesia
223 2564 406 2638 universali
433 2580 655 2660 potestatem
675 2566 734 2636 sed
760 2591 918 2662 suprema
946 2592 1016 2638 non
1042 2584 1130 2640 esset
1149 2570 1225 2652 ,haec

95 2697 260 2776 potestas,
279 2681 397 2775 siquis
417 2680 684 2776 independenter
697 2706 717 2752 a
730 2685 821 2776 Papa
844 2682 998 2780 regulare
1019 2701 1133 2781 posset
1155 2686 1228 2758 cul·

94 2815 166 2869 tum
191 2813 371 2868 externum
390 2822 448 2868 scu
470 2796 654 2894 liturgiam,
675 2823 761 2892 quae,
782 2813 821 2868 ut
838 2789 995 2890 diximus,
1019 2817 1070 2872 est
1089 2803 1224 2897 publica

93 2913 266 3009 expressio
294 2927 329 2984 et
351 2911 514 3008 professio
540 2910 713 3008 religionis
741 2927 774 2984 et
801 2914 963 2986 doctrinae
988 2915 1081 2987 fidei.
1104 2918 1146 3002 4⁰
1173 2924 1225 2990 Ex

93 3028 292 3101 definitione
318 3025 452 3098 concilii
475 3029 672 3098 oecumenici
693 3029 879 3098 Florentini
897 3035 1053 3106 Romano
1067 3033 1224 3104 Pontifici

92 3145 259 3242 competit
278 3142 390 3240 plena
412 3159 558 3238 potestas
583 3142 807 3216 universalem
833 3142 1014 3220 Ecclesiam
1035 3145 1220 3244 pascendi,

90 3259 238 3359 regendi
252 3275 290 3330 et
303 3256 531 3361 gubernandi
537 3288 552 3346 ,·
572 3259 630 3328 sed
651 3258 752 3354 plena
771 3285 840 3330 non
861 3277 948 3332 esset
971 3261 1042 3334 haec
1059 3277 1221 3357 potestas,

90 3377 118 3445 si
136 3380 215 3472 quis
232 3392 346 3471 posset
367 3373 632 3470 independenter
650 3400 670 3444 a
693 3378 785 3470 Papa
799 3374 969 3470 liturgiam
991 3379 1220 3471 prescribere,

88 3506 123 3560 et
146 3492 196 3562 sic
211 3491 313 3562 fidem
334 3490 470 3588 publice
491 3488 747 3584 exprimendam
762 3505 797 3559 et
813 3489 1038 3583 profitendam
1059 3491 1220 3562 determi-

87 3631 194 3695 nare3
215 3633 296 3704 ergo
327 3621 496 3702 repugnat
534 3631 612 3676 cum
647 3603 846 3674 definitione
871 3605 1056 3700 supradicti
1087 3607 1221 3679 concilii

85 3723 291 3792 oecumenici
308 3747 406 3817 posse
424 3719 571 3815 aliquem
592 3717 755 3813 inaliqua
777 3717 915 3790 ecclesia
937 3718 1108 3816 liturgiam
1123 3723 1219 3794 inde·

84 3839 281 3934 pendenter
304 3863 325 3907 a
348 3841 504 3908 Romano
527 3833 692 3906 Pontifice
709 3834 875 3930 regulare.
905 3832 939 3906 5ο
955 3836 1010 3908 Ad
1025 3842 1217 3910 Romanum

84 3951 302 4036 Pontificem,
314 3953 383 4022 sive
399 3950 586 4022 solumsive
599 3973 678 4020 cum
690 3949 837 4022 concilio
849 3952 1057 4023 oecumenico
1069 3955 1221 4048 pertinet

85 4066 191 4138 fidem
216 4066 400 4139 tenendam
425 4066 559 4152 docere,
578 4064 723 4136 definire
743 4090 785 4136 ac
803 4067 1031 4162 prescribere.
1055 4071 1148 4166 Ergo
1174 4071 1218 4140 ad

83 4182 259 4269 eumdem,
281 4183 351 4252 sire
366 4180 479 4252 solum
495 4182 563 4252 sire
582 4206 658 4252 cum
678 4180 823 4252 coneilio
842 4184 1050 4254 oecumenico
1071 4185 1219 4280 pertinet

84 4295 316 4368 determinare
332 4313 367 4368 et
380 4297 606 4394 praescribere,
621 4296 762 4368 modum
776 4321 846 4392 quo
865 4296 1020 4370 Ecclesiae
1034 4299 1136 4372 fidem
1168 4325 1214 4395 pu

84 4408 175 4480 blice
194 4413 388 4508 exprimant
405 4426 440 4482 et
461 4409 705 4508 profiteantur3
725 4409 783 4482 sed
804 4408 942 4508 liturgia
956 4427 1007 4484 est
1025 4414 1215 4509 praecipuus
