3018 5070
517 375 563 420 ne
586 371 675 422 sone
701 367 906 420 Lmoncico.
1228 345 1274 417 αδ

194 502 326 572 Eodem
339 494 519 572 ratiocinio
535 504 644 574 utitur
663 520 797 574 sanetus
814 502 936 571 doctor
953 515 990 570 ut
1006 499 1113 573 vitati
1135 522 1276 595 persua·

147 618 224 685 dest
239 616 369 686 donum
389 619 453 688 Dei
479 633 551 686 esse
569 619 704 687 initium
725 617 826 706 fidei,
855 639 917 686 nec
940 631 1056 686 nostro
1072 629 1204 685 tantum
1233 614 1274 684 ti-

146 731 396 804 bere-arbitrio
419 733 636 804 tribuendum
654 763 662 806 :
683 738 750 806 Dic
771 759 854 833 ergo
884 735 1106 831 apertissime
1129 753 1194 803 nos
1204 753 1275 829 pro

146 850 190 918 iis
216 841 596 948 quibus'Evangelium
614 849 856 948 predicamus
879 875 951 921 non
973 849 1098 920 debere
1114 871 1223 918 arare
1238 861 1277 918 at

145 963 299 1034 credant.
322 969 441 1035 lisere
468 981 592 1036 contra
623 968 802 1036 orationes
831 964 997 1036 Ecclesia
1018 963 1277 1057 disputationes

147 1094 249 1162 taas;
264 1095 303 1150 et
321 1079 464 1177 quando
486 1079 594 1151 audis
610 1080 828 1152 sacerdotem
852 1082 924 1150 Dei
940 1078 991 1149 ad
1011 1080 1126 1150 altare
1142 1078 1276 1150 erbor-

146 1209 281 1264 tantem
296 1194 466 1290 populum
488 1195 560 1265 Dei
583 1219 686 1265 orare
710 1219 780 1292 pro
798 1193 1011 1280 incredulis,
1034 1207 1075 1264 at
1095 1217 1155 1264 eos
1177 1199 1275 1264 Deus

147 1325 326 1380 convertat
356 1308 546 1400 adsident,
571 1310 753 1382 subsanno
767 1312 854 1407 pias
874 1335 992 1380 voces.
1020 1309 1141 1406 (Epist.
1162 1306 1276 1378 classis

148 1424 269 1512 tertia,
307 1422 439 1520 epistol.
472 1447 542 1521 ²¹7
571 1425 613 1496 ad
644 1424 804 1496 Vitalem.
837 1417 953 1495 Editio
985 1423 1120 1518 Migne,
1159 1438 1187 1495 t.
1216 1421 1275 1512 11,-

149 1561 180 1632 r·
196 1537 301 1635 sn>

153 1669 155 1672 ’
196 1651 302 1724 Paulo
317 1667 392 1748 post
408 1654 442 1721 in
456 1653 573 1724 eadem
590 1653 733 1748 epistola
749 1673 894 1724 numero
905 1653 966 1745 sb,
982 1650 1030 1723 sic
1040 1653 1275 1748 prosequiturt

113 1809 115 1814 ,
197 1765 382 1866 Numquid
397 1785 432 1838 et
447 1790 551 1839 oram
561 1768 766 1865 prohibebis
783 1769 986 1841 Ecclesiam
993 1791 1061 1866 pro
1078 1759 1278 1858 infidelibus

148 1899 189 1953 ut
200 1885 275 1954 sint
284 1881 421 1974 fideles
432 1885 488 1953 i...
516 1883 705 1981 Numquid
719 1885 779 1955 ubi
795 1883 951 1956 audieris
969 1883 1188 1954 sacerdotem
1208 1886 1280 1954 Dei

148 1999 198 2070 nd
206 1999 284 2096 ejas
296 2003 412 2073 altare
424 1999 591 2096 populum
607 2000 807 2070 hortantem
821 2000 873 2070 ad
881 2007 996 2070 Deum
1009 1998 1201 2087 orandum,
1217 1997 1282 2068 vet

149 2117 266 2212 ipsam
282 2116 383 2186 clara
406 2137 495 2185 voce
515 2132 675 2185 orontem
691 2128 730 2186 ut
744 2115 948 2186 incredulas
957 2131 1081 2214 gentes
1096 2113 1148 2183 ad
1162 2117 1279 2210 ipsum

149 2233 272 2302 venire
284 2230 486 2327 compellat,
497 2255 568 2300 uon
581 2231 821 2328 respondebis,
835 2233 967 2300 omen?
980 2237 1039 2300 An
1053 2231 1161 2299 etiarn
1173 2227 1279 2324 liujus

140 2345 234 2438 fidei
245 2349 402 2417 sanitati
416 2349 596 2418 cortenaia
617 2346 844 2443 eirspritabis?

197 2463 330 2532 Pariter
349 2463 384 2530 in
402 2461 488 2530 libro
509 2468 564 2530 Do
574 2479 801 2558 peccatoram
820 2461 955 2531 meritis
980 2475 1015 2530 ct
1044 2460 1275 2548 remissam,

150 2604 189 2647 ex
202 2577 342 2674 liturgia
358 2580 393 2647 in
408 2579 616 2650 conserendo
632 2581 836 2677 baptismate
852 2579 1005 2650 adhiberi
1025 2577 1140 2668 solita,
1157 2575 1242 2648 conf
1262 2613 1279 2636 ·

151 2709 200 2764 tat
225 2709 361 2769 sanetus
380 2695 501 2779 doctor
527 2695 701 2764 haereticos
721 2697 783 2790 qui·
802 2693 975 2791 originalis
999 2696 1129 2791 peccati
1154 2693 1278 2790 dogma

147 2810 349 2905 negabant:

202 2924 300 3015 Quid
317 2924 361 2995 de
383 2925 601 3022 ipsasorma
625 2928 845 2997 sacramenti
875 2925 1029 3022 loquar?
1049 2923 1185 2996 Vellem
1204 2923 1277 2994 ali-

150 3042 230 3136 quis
258 3042 404 3110 istorum
425 3043 489 3138 qui
513 3042 694 3111 contraria
722 3043 881 3138 sapiunt,
905 3039 998 3108 mibi
1022 3033 1278 3135 baptizandam

144 3153 332 3250 parvulam
347 3154 508 3250 afferret.
533 3155 631 3246 Quid
647 3157 685 3225 in
705 3153 766 3225 illo
784 3157 860 3255 ogit
876 3155 1092 3224 exorcismus
1111 3174 1229 3242 meus,
1246 3155 1281 3224 si

152 3269 189 3336 in
203 3268 357 3364 familia
377 3266 515 3342 cliiibali
538 3295 609 3340 non
634 3273 794 3340 tenetur?
814 3276 897 3366 Ipse
921 3286 1013 3340 certe
1040 3270 1132 3340 milri
1144 3270 1277 3365 suerin

150 3405 385 3480 responsurus
405 3411 474 3482 pro
490 3385 609 3456 eodem
629 3387 779 3483 promulo
799 3411 903 3484 quem
918 3401 1092 3484 gestaret,
1113 3387 1200 3480 quia
1210 3407 1280 3480 pro

151 3501 262 3571 seille
280 3502 490 3598 respondere
506 3527 575 3574 non
589 3517 721 3600 posset.
742 3499 923 3593 Quomodo
937 3499 1190 3597 ergodictarus
1202 3516 1281 3570 erat

118 3711 121 3716 Ι
149 3639 230 3686 carn
250 3621 453 3686 renuntiare
475 3617 634 3708 diabolo,
669 3616 768 3714 casas
789 3620 826 3687 in
855 3643 895 3686 eo
921 3615 1014 3686 nibil
1037 3618 1154 3686 esset?
1179 3619 1281 3707 Quo·

151 3730 253 3801 modo
268 3736 422 3803 conserti
432 3732 482 3810 ad
495 3740 606 3804 licum
629 3760 651 3802 a
665 3757 734 3831 quo
749 3757 821 3804 non
842 3749 932 3803 esset
950 3735 1120 3803 aversas?
1133 3730 1280 3804 Credere

153 3849 244 3916 inter
262 3865 390 3918 catera
411 3851 652 3920 remissionem
670 3867 913 3946 peccatorum,
932 3873 1010 3948 quie
1029 3845 1085 3918 illi
1102 3846 1200 3917 nulla
1219 3848 1281 3917 tri-

154 3959 343 4034 bueretur?
365 3969 443 4066 Ego
461 3965 603 4062 quidem
622 3969 657 4034 si
675 3983 797 4036 contra
820 3966 897 4036 baec
913 3988 991 4035 eam
1008 3963 1138 4034 sentire
1156 3965 1279 4034 existi·

78 4149 80 4154 ,
151 4099 286 4147 marem
295 4121 310 4170 ,·
330 4101 395 4149 nee
417 4079 478 4149 ad*
488 4097 713 4151 sacramenta
729 4080 967 4176 campanula
981 4083 1116 4151 intrare
1127 4080 1283 4176 permit-

153 4207 272 4264 terem.

201 4308 320 4378 Refert
339 4327 454 4404 postea
469 4313 684 4406 Augustinus
700 4311 875 4406 ‹puomodo
889 4311 995 4406 dliqui
1016 4311 1116 4380 exiis
1130 4309 1189 4404 qui
1205 4327 1284 4406 pec-

153 4437 268 4493 cutum
287 4426 452 4521 originale
475 4428 665 4522 negabant,
686 4429 762 4498 victi
784 4430 985 4498 auctoritate
1004 4421 1229 4498 formularum
1239 4439 1283 4502 ‘et
