2982 5072
514 373 560 418 na
583 371 671 420 ruas
693 371 904 421 nrruacrco.
1202 353 1270 426 115

148 529 166 566 a
183 525 273 572 nunc
292 519 399 593 usqne
418 497 629 585 custoditur,
650 497 693 568 ab
714 497 873 568 omuibus
900 497 1025 570 debere
1045 502 1184 588 servari,
1209 525 1272 573 nec

147 613 366 711 «superduci
393 627 454 684 aut
477 611 648 684 introduci
675 609 804 706 aliquid
824 613 917 707 qnod
942 617 1178 687 auctoritatem
1201 643 1271 688 non

149 761 167 796 a
187 730 391 816 habeatem
404 726 541 798 aliunde
554 729 707 828 accipere
720 727 874 798 videatur
885 730 1168 825 exemplant
1177 737 1272 830 Saepc

147 843 399 914 «dilectionem
419 858 513 914 tuam
532 842 576 914 ad
595 843 725 914 Urbem
743 844 884 930 venisse,
902 871 942 914 ac
960 847 1135 917 nobiscum
1151 850 1186 917 in
1205 852 1272 918 Ec-

150 959 283 1032 aclesia
303 960 500 1030 convenisse
518 984 586 1028 non
604 957 746 1030 dubium
766 972 828 1047 est,
847 973 881 1028 et
898 985 998 1054 quem
1017 987 1146 1032 morem
1162 963 1217 1032 vel
1237 965 1271 1033 in

147 1074 424 1146 «consecrandis
445 1073 627 1170 mysteriis,
644 1072 696 1144 vel
716 1074 751 1144 in
773 1075 901 1144 ceteris
915 1075 1053 1170 agendis
1075 1079 1206 1147 arcanis
1220 1093 1272 1148 tc-

149 1221 169 1258 «
184 1204 280 1278 neat,
300 1187 511 1285 cognovisse.
535 1187 640 1277 Quod
666 1187 822 1259 sufficere
843 1187 886 1259 ad
913 1190 1187 1262 informationem
1207 1197 1273 1264 Ec-

152 1305 297 1376 «clesiae
319 1319 396 1392 tuae,
417 1303 468 1374 vel
494 1304 768 1376 reformationem
787 1306 816 1375 si
844 1331 1059 1402 praecessores
1086 1309 1136 1378 tui
1160 1311 1273 1380 minus

152 1452 167 1488 a
185 1421 315 1515 aliquid
333 1435 393 1490 aut
410 1418 509 1490 aliter
525 1433 723 1509 tenuerunt,
739 1422 818 1492 satis
832 1437 963 1494 censam
979 1423 1191 1513 haberemus,
1209 1427 1274 1494 nisi

148 1565 166 1602 a
180 1536 225 1605 'de
250 1534 420 1628 aliquibus
438 1533 664 1606 consulendos
692 1561 754 1604 nos
775 1561 847 1606 esse
869 1537 1038 1610 duxisses.
1063 1540 1198 1630 Quibus
1223 1541 1276 1609 id·

150 1682 168 1718 a
184 1651 275 1722 circo
288 1649 620 1745 respondemus,non
635 1650 769 1744 quodtc
782 1649 896 1746 aliqua
910 1652 1068 1746 ignorare
1081 1653 1272 1746 credamus,

152 1795 169 1832 a
187 1765 249 1836 sed
267 1779 307 1834 ut
324 1764 446 1858 majori
469 1766 671 1836 auctoritate
691 1765 745 1835 rel
764 1781 842 1834 tuos
865 1767 1033 1856 instituas,
1055 1767 1107 1838 vel
1126 1771 1153 1839 si
1176 1771 1234 1865 qui
1255 1795 1276 1838 a

149 1886 345 1952 «Romanae
363 1878 519 1950 Ecclesiae
538 1880 808 1950 institutionibus
823 1895 953 1970 errem,
972 1898 1032 1952 aut
1048 1909 1275 1971 commoneas,

149 2026 169 2064 a
185 2011 246 2066 aut
265 1994 415 2064 indicare
435 2019 503 2064 non
527 1993 677 2083 differas,
694 2009 734 2064 ut
755 1996 840 2064 scire
860 1979 1030 2068 ualeamus
1051 1999 1111 2092 qui
1133 2001 1202 2069 sint
1217 2003 1276 2096 qni

149 2124 247 2180 sarit
275 2110 439 2179 novitates
462 2105 644 2197 inducunt,
664 2124 723 2178 ant
751 2109 888 2179 alterius
910 2110 1054 2180 ecclesiae
1077 2136 1181 2208 quam
1205 2120 1276 2185 Ro-

152 2255 170 2292 a
185 2249 295 2296 manse
313 2225 507 2296 existimant
533 2223 814 2296 consuetudinem
831 2249 903 2294 esse
928 2226 1138 2297 servandam.
1155 2232 1276 2298 Pacem

147 2371 165 2408 a
187 2341 294 2435 igitur
311 2340 431 2408 asseris
448 2353 527 2408 ante
543 2336 696 2408 confecta
715 2339 871 2432 mysteria
890 2339 1053 2434 quosdam
1068 2341 1202 2436 populis
1217 2345 1279 2412 irn-

147 2485 165 2522 a
183 2479 317 2550 pecare,
331 2452 385 2523 vel
399 2453 463 2522 sibi
480 2453 569 2521 inter
584 2477 618 2520 se
631 2451 819 2522 sacerdotes
832 2452 975 2544 tradere,
986 2479 1061 2524 cum
1077 2471 1152 2550 post
1164 2457 1278 2530 omnia

148 2601 166 2637 a
181 2569 274 2664 (quae
292 2571 424 2665 aperire
445 2594 512 2638 non
526 2566 648 2662 debeo)
668 2591 733 2664 pax
751 2570 794 2640 sit
809 2571 996 2641 necessario
1015 2571 1205 2662 indicenda,
1218 2599 1279 2668 prr

147 2715 166 2753 a
183 2712 288 2781 qnam
302 2699 438 2756 constet
451 2681 618 2779 populum
639 2683 815 2756 adomnia
835 2711 909 2779 quae
930 2687 964 2756 in
984 2689 1149 2782 mysteriis
1171 2715 1279 2788 agun-

145 2831 165 2868 α
183 2815 242 2872 tur
264 2813 367 2894 atque
387 2799 422 2866 in
443 2796 592 2870 Ecclesia
612 2796 828 2868 celebrantur
851 2801 1036 2895 praebuisse
1058 2827 1275 2892 consensum,

145 2947 166 2982 «ι
185 2941 226 2986 ac
245 2915 341 2985 finita
356 2939 425 2983 esse
439 2915 530 3008 pacis
549 2912 784 2984 concludentis
802 2914 978 3007 signaculo
998 2915 1280 2988 demonstrentur.

144 3062 164 3098 a
179 3035 233 3104 De
249 3031 445 3100 nominibus
467 3053 547 3098 vero
571 3028 751 3099 recitandis
771 3044 952 3122 antequam
974 3053 1108 3124 precem
1126 3033 1282 3103 sacerdos

146 3175 168 3211 a
190 3147 304 3230 faciat,
324 3160 425 3240 atque
443 3169 560 3214 eorum
582 3142 771 3213 oblationes
785 3168 934 3238 quorum
952 3146 1089 3216 nomina
1108 3148 1283 3220 recitanda

147 3291 167 3328 a
189 3276 269 3332 sunt
291 3285 351 3330 sua
377 3259 528 3330 orations
551 3257 775 3348 commendet,
802 3284 906 3355 quam
932 3260 1144 3355 superfluum
1168 3265 1224 3350 sit,
1247 3277 1281 3333 et

149 3407 169 3444 a
190 3377 261 3474 ipse
279 3401 342 3470 pro
363 3390 419 3445 tua
440 3373 620 3469 prudentia
644 3376 923 3470 recognoscis.....
942 3375 1040 3442 Prius
1067 3399 1149 3470 ergo
1183 3375 1280 3447 obla·

148 3523 169 3559 a
191 3494 300 3564 tiones
343 3505 423 3560 snnt
462 3489 762 3576 commendanda,
796 3513 835 3562 ac
867 3503 950 3558 tnnc
986 3513 1105 3560 eorurn
1140 3492 1280 3564 nomina

149 3639 170 3677 a
190 3631 338 3706 qnorum
367 3620 448 3676 sunt
476 3604 701 3677 edicenda.....
730 3608 786 3675 De
801 3603 1040 3699 consignandis
1070 3631 1149 3676 vero
1168 3607 1282 3678 infan-

147 3753 168 3789 ιι
191 3727 306 3815 tibus,
328 3721 543 3792 manifestum
571 3735 711 3790 estnon
736 3718 804 3790 alio
828 3745 929 3815 quam
952 3721 994 3790 ab
1019 3723 1187 3818 Episcopo
1207 3721 1283 3792 lieri

148 3869 169 3904 a
190 3839 340 3911 licere...
358 3868 377 3904 a
389 3837 496 3932 (Doni
514 3840 699 3926 Constant,
723 3839 957 3908 Romanorum
976 3837 1181 3908 Pontificum
1203 3841 1283 3934 Epi·

146 3957 259 4044 stolae,
290 3979 369 4052 pag.
407 3950 505 4048 855).
542 3957 684 4026 Exstant
709 3953 745 4022 in
775 3952 892 4022 eadem
915 3951 1076 4024 decretali
1112 3955 1284 4026 nonnullae

147 4072 228 4144 aliae
264 4074 353 4142 circa
386 4068 557 4164 liturgiam
585 4069 838 4158 ordinationes,
871 4095 955 4163 quas
980 4070 1153 4141 brevitatis
1184 4095 1284 4141 causa

146 4187 356 4258 omittimus.
990 4247 993 4256 ⁴

208 4299 426 4396 5“'”sactum.
441 4339 490 4354 -·-
513 4301 613 4372 Anno
638 4299 722 4390 bad,
749 4300 853 4370 sancti
884 4299 1056 4372 Coelestini
1077 4300 1220 4397 epistola
1240 4303 1283 4372 ad

150 4418 340 4516 provinciae
357 4416 558 4488 Viennensis
574 4432 607 4488 ct
625 4417 856 4492 Narbonensis
868 4417 1065 4514 Episcopos.
1080 4420 1122 4486 In
1138 4439 1176 4486 ea
1193 4417 1284 4488 scili-

1075 4534 1111 4603 8.
