2978 5076
516 393 562 439 nn
586 392 676 440 snus
699 393 902 442 unnncico.
1199 371 1264 445 231

197 522 310 590 XXII.
330 518 521 589 concilium
541 516 804 590 Mediolanenses
825 546 862 606 n,
879 517 947 589 sich
966 521 1007 590 S.
1032 519 1157 592 Camlo
1179 527 1271 594 Bou-

147 659 275 707 romceo
289 658 385 704 auno
415 631 506 731 1569
523 661 531 702 ι

196 751 389 845 «Episcopi
408 765 542 841 curent,
563 751 599 818 in
618 774 678 819 sus
700 751 845 844 quisque
862 749 1013 838 dioecosi,
1031 766 1071 820 ut
1083 752 1196 822 officia
1214 753 1271 823 di-

145 896 164 930 ιι
180 868 274 952 vino,
305 889 381 958 qnae
409 864 554 961 singulis
582 865 755 935 canonicis
783 865 875 934 horis
903 867 1055 959 punctari
1081 866 1221 957 debent,
1238 883 1272 938 ot

146 1011 164 1046 ιι
179 979 315 1077 publice
335 983 369 1049 in
388 979 541 1067 ecclesia,
554 995 588 1050 et
601 980 815 1076 priuatim...‚
831 978 1046 1050 celebrentur
1059 996 1092 1052 ct
1109 1008 1272 1078 peragun-

143 1124 162 1160 ιι
180 1111 240 1164 tut·
261 1093 302 1164 ad
321 1096 551 1190 pinscriptam
575 1095 733 1166 breviarii
751 1097 896 1166 Romani
924 1120 1035 1190 nuper
1058 1095 1139 1166 editi
1164 1099 1270 1168 ratio-

145 1241 163 1276 «
179 1237 254 1280 nem
270 1238 277 1280 :
296 1213 360 1279 nisi
381 1227 495 1280 tatncn
514 1210 662 1282 ecciesiae
678 1211 845 1305 ejusmodi
864 1211 932 1280 sint
954 1211 988 1279 in
1016 1210 1140 1304 quibus
1159 1237 1200 1280 ex
1216 1236 1272 1280 vc-

144 1355 163 1389 ιι
179 1304 241 1395 tiri
262 1326 508 1395 cousuetudine
524 1327 577 1420 (ut
598 1328 737 1397 Summi·
753 1326 932 1395 Pontificio
956 1327 1008 1394 Pii
1036 1329 1062 1394 V
1088 1325 1209 1396 litteris
1230 1352 1270 1395 eo

145 1471 164 1506 ιι
179 1441 317 1510 nomino
341 1443 505 1510 confectis
524 1456 661 1510 cautum
689 1441 768 1536 ost),
793 1442 880 1510 atius
904 1442 1004 1528 citus,
1027 1439 1161 1535 alioque
1182 1443 1270 1511 rotio

144 1585 162 1620 ιι
175 1555 387 1636 adlubeatuc.
409 1557 444 1625 Si
469 1581 549 1626 voco
575 1579 707 1625 secuso
726 1554 927 1649 quibusdum
949 1555 1075 1624 fuctum
1095 1556 1172 1646 crit,
1192 1579 1270 1624 cum

144 1701 160 1734 ιι
176 1673 231 1740 isti
260 1671 313 1766 (ut
332 1670 456 1740 eisdem
480 1671 610 1741 Summi
631 1670 805 1740 Pontificis
824 1669 944 1740 littoris
971 1671 1173 1740 nominatim
1193 1693 1270 1740 sun·

145 1788 281 1856 «citum
307 1784 561 1880 est)hoco1·uut
589 1787 828 1855 canonicarum
850 1785 1005 1856 officio...
1035 1809 1104 1854 non
1138 1784 1271 1854 satisfa-

143 1931 161 1966 ιι
176 1903 281 1991 ciant,
304 1927 361 1970 eos
383 1902 475 1995 ipsos
491 1901 649 1995 Episcopi
666 1900 773 1995 poenis
787 1901 830 1968 iis
846 1899 1025 1985 mulctent,
1038 1925 1115 1994 quie
1131 1903 1271 1968 Intera-

144 2043 162 2080 ιι
178 2018 273 2086 uonsi
290 2015 435 2085 couciiio
458 2042 476 2084 a
494 2020 609 2086 Leone
636 2019 669 2086 X
690 2030 723 2083 ot
741 2013 941 2108 prouinciali
960 2014 1090 2109 syuodo
1103 2013 1269 2108 superiori

145 2145 293 2200 «contra
310 2129 448 2200 clericos
467 2131 660 2200 constitutio
674 2129 838 2223 sunt,qui·
849 2129 1089 2198 canonicarum
1106 2129 1267 2198 horarum

144 2245 324 2341 «officium
346 2246 590 2314 intermittunt.
608 2275 625 2310 ιι
645 2243 760 2340 (Apud
779 2244 906 2331 Lubhe,
929 2258 956 2312 t.
976 2247 1056 2332 XV,
1078 2268 1111 2337 p.
1130 2241 1234 2337 351.)

193 2363 326 2431 XXIII.
351 2359 542 2430 Concilium
559 2365 738 2455 Aquonse,
760 2355 959 2428 mznt1585
981 2383 988 2424 :

193 2505 209 2540 ιι
228 2478 308 2543 Haec
324 2489 438 2544 sanctu
460 2473 642 2569 synodus...
659 2473 837 2542 ottoudens
856 2473 948 2567 quod
965 2498 1007 2542 cs
1025 2472 1268 2542 constitutione

144 2621 159 2656 ιι
179 2589 288 2658 felicis
304 2587 550 2659 recordatiouis
567 2590 619 2658 Pii
643 2592 742 2682 Papoe
759 2593 789 2658 V
816 2588 1025 2683 prohibitum
1044 2603 1108 2675 cst,
1127 2587 1268 2683 proprio

144 2703 293 2772 «officio
320 2702 451 2790 relicto,
487 2703 581 2773 aliud
616 2729 719 2797 quum
740 2709 937 2776 Romanum
964 2729 1172 2774 assumere...
1197 2707 1269 2774 Sta·

144 2819 254 2906 «tuit,
269 2834 334 2887 otc.
351 2848 368 2882 ιι
387 2817 517 2913 (Titqu
542 2818 584 2888 tic
601 2818 743 2888 Misculi
761 2835 798 2889 et
821 2818 1005 2910 bttuiurio,
1026 2819 1120 2914 apud
1140 2817 1267 2904 Labhc,

143 2949 229 3004 tom.
252 2936 329 3017 XV,
350 2957 425 3027 pog.
448 2931 568 3028 1134.)

191 3051 320 3122 XXIV.
341 3048 533 3120 Concilium
553 3053 769 3138 Turonemu,
785 3051 874 3118 anni
894 3047 1009 3120 1583:

193 3193 210 3226 ιι
228 3167 301 3232 Hos
319 3178 432 3232 autem
465 3179 615 3234 coctores
639 3163 789 3258 aliosque
817 3189 934 3234 omncs
954 3165 1205 3260 presbyteros...
1225 3162 1266 3232 ad

143 3277 276 3348 «horas
293 3275 486 3348 cunouialcs
501 3276 641 3374 singuiis
654 3279 772 3348 diebus
791 3279 994 3366 recitandas,
1010 3279 1052 3348 ad
1072 3303 1170 3348 usum
1188 3279 1265 3346 brcss

142 3423 159 3456 ιι
177 3393 274 3462 viarii
300 3391 435 3461 decreto
454 3391 587 3462 concilii
609 3392 800 3462 Tridentini
829 3391 922 3480 editi,
949 3393 1001 3462 voi
1024 3417 1161 3462 suarum
1183 3391 1267 3460 dioe·

143 3536 160 3571 «
177 3531 291 3576 cesum
311 3531 458 3600 quocum
479 3531 558 3576 usus
576 3522 656 3575 unte
673 3507 836 3576 ducentos
854 3531 960 3576 anuos
979 3506 1143 3601 probatus
1156 3504 1210 3592 sit,
1231 3529 1266 3574 sc

144 3649 161 3684 ιι
177 3620 334 3716 obligari,
353 3622 416 3690 sub
434 3645 531 3715 poenu
550 3621 750 3716 privationis
769 3621 922 3690 omnium
943 3621 1118 3692 fructuum
1137 3620 1266 3691 benefi-

143 3765 160 3800 ιι
174 3737 303 3805 ciorum
325 3760 386 3831 pet·
413 3761 469 3805 cos
491 3761 735 3831 possessorum,
757 3762 842 3832 quos
866 3739 967 3807 etiam
995 3763 1073 3807 suos
1094 3737 1193 3832 juxta
1212 3761 1266 3806 sa-

144 3875 313 3920 «osonum
341 3875 522 3940 cononum,
542 3851 728 3946 prasertim
754 3850 890 3921 concilii
926 3853 1171 3942 Laterancnsis,
1202 3852 1264 3923 dc-

143 3993 161 4030 ιι
174 3981 279 4052 cnuto,
295 3981 327 4034 ct
354 3967 404 4036 Pii
423 3967 455 4036 V
475 3966 752 4035 constitutionum
779 3967 891 4036 succro
912 3993 980 4036 non
1005 3992 1113 4062 posse,
1135 3968 1204 4038 imo
1221 3969 1265 4040 od

142 4109 160 4146 ιι
174 4105 292 4151 corum
318 4082 568 4152 restitutionum
599 4083 706 4152 tenui
733 4080 956 4154 declaramus.
977 4113 997 4148 ιι
1020 4082 1137 4179 (Apud
1161 4082 1269 4154 Odes-

141 4221 229 4291 pnn,
246 4196 428 4268 mima
449 4197 596 4268 concilio
608 4197 736 4285 Gutta,
753 4222 831 4293 pag.
852 4195 955 4293 355.)

190 4315 303 4383 XXV.
320 4310 621 4408 Synodusumtts
634 4313 800 4413 Regalis:

190 4461 209 4495 ιι
228 4431 447 4526 Quicumque
465 4448 543 4503 sunt
575 4435 752 4508 necessarii
788 4433 866 4504 libri
893 4434 938 4504 od
967 4459 1095 4504 sacram
1123 4431 1268 4529 psalmo·
