3018 5070
240 349 287 420 nti
607 391 610 398 ·
696 367 902 421 sancturus

239 521 281 574 ut
307 519 388 574 turre
411 527 496 574 vere
522 521 695 600 apparent
720 503 892 601 quomodo
916 506 1082 600 princeps
1108 503 1234 575 mundi
1259 505 1366 600 tinus

239 621 403 689 rutilatur
413 619 534 716 soum.
814 635 816 638 ’

289 739 330 806 V.
357 731 408 806 Ah
428 735 575 830 antiquis
593 735 748 804 Ecclesiae
764 732 937 822 Patribus,
961 737 989 804 si
1013 732 1056 804 ad
1081 738 1293 830 sequentium
1309 759 1366 806 sae·

238 849 393 920 culorum
406 851 561 920 doctores
574 851 713 946 gradum
731 852 906 942 iaciamus,
924 849 1038 920 multis
1052 852 1201 920 occurrit
1210 837 1365 922 doctrina

237 967 352 1035 cadem
375 969 602 1052 monumentis
618 967 827 1060 consignata.

289 1086 409 1150 Petrus
428 1082 610 1169 Diacouus,
634 1081 669 1149 in
684 1105 745 1150 suo
759 1087 815 1150 De
829 1077 981 1150 tenendo
998 1081 1154 1150 veritate
1167 1084 1366 1176 Scriptoru-

238 1217 315 1263 ruut
332 1194 420 1264 libro
436 1195 526 1290 (pag.
537 1223 555 1264 2
568 1194 634 1290 16),
649 1196 689 1264 ad
707 1195 877 1290 liturgiam
901 1196 1005 1265 sancti
1016 1195 1133 1264 Basilii
1148 1196 1306 1291 appellat.
1317 1199 1366 1266 Ex

240 1309 377 1404 liturgia
394 1311 494 1379 etiam
513 1325 767 1404 argumentatur
781 1311 954 1404 Remigius
969 1309 1219 1404 Lugdunensis.
1234 1315 1365 1380 Octavo

238 1425 361 1494 saeculo
378 1423 483 1512 Felix,
503 1424 716 1520 Urgellensis
732 1426 919 1519 episcopus,
936 1449 1090 1494 errorem·
1103 1451 1200 1494 suum
1219 1426 1261 1494 de
1280 1424 1365 1496 fitia-

239 1541 332 1608 tioue
355 1539 480 1609 Christi
512 1541 719 1634 argumentis
742 1565 792 1609 ex·
813 1540 951 1634 liturgia
978 1539 1185 1636 depromptis
1215 1541 1367 1609 tentabat

239 1655 418 1724 defendere
443 1656 595 1724 :frustra
620 1656 756 1750 quidem
773 1682 780 1726 ε
797 1655 976 1725 a't'factutn
1000 1656 1090 1724 istud
1118 1656 1239 1750 probat
1264 1675 1367 1750 goue-

238 1769 340 1839 ralem
361 1773 628 1866 persuasionem,
648 1795 666 1839 a
685 1770 821 1866 liturgia
837 1771 879 1840 ad
899 1771 1065 1866 dogmatis
1082 1772 1259 1840 veritatem
1275 1787 1366 1840 recte

240 1883 426 1954 illationem
448 1873 534 1958 lieri.
553 1886 700 1974 Quando
721 1885 901 1954 undecimo
920 1885 1041 1954 saeculo
1056 1877 1156 1954 ausus
1174 1901 1224 1955 est
1241 1891 1366 1955 Beren-

235 2001 353 2093 garius
370 2003 520 2096 corporis
536 2015 569 2068 et
586 2001 761 2096 sanguinis
778 2001 904 2068 Christi
922 2002 956 2069 io
972 2001 1174 2070 eucharistia
1188 2001 1365 2071 veritatem

240 2139 374 2208 negare,
391 2137 467 2186 eum
487 2116 699 2211 impugnavit
722 2115 952 2185 Guitmondus
971 2116 1033 2184 hac
1053 2115 1196 2210 liturgiae
1218 2113 1380 2185 formula¹

239 2245 321 2300 tunc
335 2233 496 2327 temporis
513 2231 663 2300 adhiberi
685 2230 809 2301 solita:
830 2229 971 2328 Singuli
989 2233 1167 2325 accipiunt
1188 2229 1367 2302 Cunarum

241 2347 445 2432 Dominum,
469 2361 503 2414 et
525 2349 562 2414 t'n
592 2345 742 2442 singulis
759 2343 981 2440 portionibus
1010 2361 1100 2414 totus
1120 2361 1186 2436 est,
1215 2369 1280 2418 nec
1298 2367 1370 2442 per·

237 2463 397 2562 singulos
415 2466 597 2532 ntt‘uuitur.

288 2581 366 2645 Haec
392 2578 517 2647 cursim
552 2578 592 2646 de
624 2577 741 2648 mediae
767 2578 872 2646 aeta—tis
906 2577 1102 2647 auctoribus
1131 2579 1367 2674 intligittttntts,

240 2705 278 2760 ut
294 2689 405 2760 locun
423 2713 592 2762 servemus
608 2694 805 2788 gravissimo
821 2694 999 2762 doctorum
1018 2694 1138 2763 scholae
1153 2695 1367 2774 testimonio;

236 2815 387 2900 'quorum
408 2811 533 2905 agmini
554 2825 677 2903 praeeat
691 2823 828 2880 sanctus
843 2809 1002 2878 Thomas.

284 2927 419 2994 Beatam
443 2928 608 3022 virginem
633 2927 737 2996 luisse
766 2929 800 2996 in
834 2943 933 2996 utero
962 2939 1143 3019 antequam
1175 2941 1368 2996 nasceretur

238 3041 479 3110 sanctificatam
514 3039 686 3112 concludit
719 3041 890 3137 angelicus
921 3040 1040 3110 doctor
1076 3063 1113 3109 ex
1149 3042 1304 3110 instituto
1332 3042 1366 3110 in

239 3155 387 3224 Ecclesia
431 3157 623 3226 Nativitatis
666 3158 762 3226 festo.
800 3158 985 3251 Propositis
1024 3157 1115 3229 enim
1158 3157 1195 3224 in
1232 3172 1369 3228 contra·
1438 3141 1440 3146 ¹

239 3272 327 3339 rium
363 3271 630 3364 objectionibus,
660 3273 774 3342 subdit
802 3273 868 3340 hoc
893 3269 995 3340 modo
1018 3298 1025 3340 :
1047 3297 1066 3335 «
1082 3267 1151 3340 Sed
1171 3285 1293 3342 contra
1319 3287 1370 3341 est

238 3386 332 3479 quod
369 3386 513 3457 Ecclesia
545 3388 692 3457 celebrat
718 3387 938 3458 Nativitatem
968 3391 1079 3455 Beatae
1102 3387 1263 3480 Virginis.
1292 3369 1370 3458 Nou

241 3516 385 3572 «autum
423 3503 617 3573 celebratur
647 3504 773 3572 festum
802 3504 837 3571 in
878 3501 1025 3573 Ecclesia
1061 3504 1122 3571 nisi
1160 3525 1221 3596 pro
1257 3501 1371 3596 aliquo

239 3645 256 3680 a
272 3631 402 3686 sancto,
424 3621 516 3715 Ergo
538 3623 638 3688 Beata
660 3620 768 3712 Virgo
786 3621 819 3686 in
841 3620 995 3713 ipsasua
1014 3619 1189 3686 nativitate
1209 3619 1274 3688 fuit
1292 3641 1371 3688 sau-

241 3759 259 3796 «
272 3745 336 3800 cta.
360 3734 439 3828 Fuit
463 3757 543 3829 ergo
558 3737 592 3802 in
610 3747 708 3803 utero
730 3733 967 3801 sanctificata»
981 3732 1104 3822 (Parte
1126 3731 1160 3819 3,
1181 3748 1296 3826 quaest.
1311 3755 1369 3827 27,

241 3860 307 3915 art.
339 3846 453 3944 1)In
473 3849 626 3942 sequenti
642 3871 721 3916 vero
739 3845 895 3934 articulo,
914 3846 972 3915 ubi
990 3846 1133 3916 sustinet
1147 3851 1284 3917 Beatam
1297 3848 1373 3919 vin

243 3963 355 4056 ginem
375 3987 444 4032 non
466 3963 569 4032 fuisse
588 3962 830 4032 sanctificatam
847 3977 924 4030 ante
945 3963 1207 4050 animationem,
1225 3985 1282 4031 seu
1301 3984 1371 4032 nou

242 4075 344 4148 fuisse
358 4081 543 4149 immunem
560 4101 577 4146 a
599 4093 736 4172 peccato
759 4077 935 4172 originali,
954 4079 1001 4147 sic
1013 4078 1102 4148 iuter
1122 4077 1185 4147 alia
1204 4077 1372 4171 sibi-obji-

240 4193 285 4262 cit
306 4223 313 4264 :
339 4220 354 4258 a
377 4193 410 4266 3.
430 4199 611 4283 Praeterea,
636 4196 722 4264 sicut
740 4194 868 4264 dictum
889 4209 938 4262 est
956 4193 1119 4290 (articulo
1144 4183 1370 4288 praecedenti,

242 4325 474 4404 «argumento
495 4308 562 4379 sed
585 4311 751 4404 contra),
777 4333 845 4379 nou
876 4309 1069 4380 celebratur
1089 4309 1212 4379 festum
1240 4307 1305 4380 nisi
1330 4309 1372 4382 de

240 4424 385 4520 «aliquo
405 4440 532 4496 sancto.
549 4427 614 4496 Sed
633 4409 772 4522 quidam
792 4425 965 4498 celebrant
988 4427 1109 4496 festum
1128 4425 1371 4522 Conceptiouis
