2982 5072
217 347 286 396 ιω
671 339 879 388 rncrawa

260 473 340 544 Dici
358 469 496 565 quidem
509 482 660 563 possete
680 466 856 563 gallicanis
878 464 1075 556 medentis,
1107 490 1177 536 non
1200 465 1336 537 numiui

212 589 388 686 praelatum
411 586 658 679 Episcoporum
680 584 751 677 jus,
778 607 820 652 eo
849 582 987 676 precise
1014 605 1115 652 seusu
1146 582 1240 675 quod
1260 608 1335 654 uon

210 717 415 800 agnoscatur
436 701 651 795 in1Romano
675 695 842 766 Pontifioe
870 697 1028 791 superior
1045 698 1135 766 circa
1160 695 1334 794 liturgiam

208 820 406 907 auctoritas,
423 815 483 886 sed
497 829 630 884 tautum
655 839 697 883 eo
716 838 817 883 seusu
832 812 927 907 quod
944 811 1040 882 sedes
1056 812 1264 907 Apostoliea,
1280 815 1335 886 rel

207 933 383 1028 Episcopis
401 928 578 1023 reliquerit
594 926 836 996 moderandam
865 927 900 996 iu
923 929 993 996 suis
1015 927 1216 998 ditecesibus
1233 927 1334 1000 litur-

206 1048 310 1144 giam,
332 1045 383 1114 vel
401 1057 543 1137 receptae
560 1043 596 1111 iu
610 1040 723 1114 Gallia
743 1066 814 1110 uon
832 1041 901 1110 siut
919 1039 1010 1137 leges
1029 1043 1212 1136 pontificia
1233 1043 1335 1114 aliter

206 1163 249 1232 de
267 1161 405 1257 liturgia
424 1173 623 1230 statuentes.
644 1199 686 1240 —,
708 1156 776 1226 Sed
792 1159 903 1226 inanis
919 1173 971 1228 est
988 1156 1047 1228 illa
1059 1157 1234 1253 objectio:
1253 1186 1333 1230 nam

208 1275 366 1374 gallicani
376 1272 476 1344 simul
493 1271 661 1344 sustinent
681 1272 733 1340 fas
750 1297 821 1340 esse
835 1270 955 1342 Galliae
971 1275 1158 1369 Episcopo,
1170 1276 1216 1344 ob
1231 1275 1333 1371 hujus

207 1393 356 1489 regionis
382 1390 554 1460 libertates
575 1401 609 1456 et
636 1386 908 1475 consuetudines,
926 1386 1015 1482 leges
1040 1390 1232 1484 pontificias
1260 1418 1331 1464 nou

204 1508 366 1602 recipere.
393 1508 488 1600 Ergo
525 1526 685 1596 suprema
715 1503 863 1572 Romani
885 1503 1065 1576 Pontifieis
1093 1506 1129 1576 iu
1156 1505 1331 1603 liturgiam

202 1637 360 1716 potestas,
379 1636 430 1690 est
448 1632 597 1714 potestas
618 1643 693 1711 quae
711 1618 860 1687 exerceri
871 1643 940 1688 uou
949 1634 1062 1714 potest
1069 1621 1332 1716 nisidependen·

204 1754 254 1808 ter
262 1739 306 1806 ab
314 1724 508 1831 Episcopis;
528 1759 612 1829 ergo
627 1758 694 1802 uon
710 1748 761 1803 est
770 1756 940 1827 suprema,
957 1735 1015 1804 sed
1034 1735 1188 1826 inferior,
1202 1763 1260 1808 seu
1270 1765 1331 1834 po-

203 1853 272 1924 tius
288 1850 395 1920 nulla.
411 1849 513 1920 Unde
535 1848 705 1943 gallicani,
719 1849 870 1943 quaudiu
895 1875 995 1920 suum
1010 1866 1154 1946 systema
1181 1879 1250 1922 uon
1266 1855 1329 1924 de·

201 1967 388 2054 seruerint,
408 1964 504 2035 fateri
528 1978 702 2059 coguntur
722 1989 758 2033 se
777 1965 888 2034 verbis
904 1966 1062 2036 inanibus
1077 1967 1193 2036 hicum
1208 1969 1328 2056 facere,

198 2083 285 2151 dum
301 2094 532 2176 protestantur
546 2105 581 2148 se
598 2105 783 2175 agnoscere
802 2081 837 2148 in
850 2083 1014 2152 Romanis
1027 2081 1251 2153 Pontificibus
1266 2111 1328 2156 su-

198 2223 352 2292 premam
370 2198 460 2266 ciroa
479 2221 531 2266 res
553 2194 727 2289 liturgicas
739 2210 953 2290 potestatem.

246 2314 438 2408 Propositio
451 2318 498 2382 2¹.
514 2315 553 2382 A
568 2310 819 2409 gallicanismo
832 2312 1118 2409 parlamentario
1127 2313 1325 2386 admissum

187 2428 278 2525 sra't,
294 2452 483 2524 nonposse
500 2429 694 2524 Episcopos
707 2425 751 2496 de
769 2427 915 2526 liturgia
929 2425 1114 2498 decernere
1130 2427 1264 2525 absque
1272 2455 1326 2500 re-

192 2548 257 2644 gia
280 2543 492 2614 auctoritate
513 2540 757 2636 eisarnam,
780 2559 887 2641 atque
913 2543 982 2614 lroc
1007 2546 1137 2640 ipsum,
1159 2546 1198 2614 in
1209 2552 1326 2640 praei

195 2660 338 2744 saltem,
368 2657 556 2728 odmrsirse
587 2657 731 2728 videtur
745 2658 1019 2757 golb'com'smus
1046 2658 1259 2731 medemnas.
1273 2703 1326 2716 -

197 2780 294 2845 Hanc
323 2774 443 2842 thesim
467 2773 616 2869 probant
646 2775 748 2842 niuris
772 2774 879 2846 multa
904 2775 1109 2846 documenta
1143 2802 1219 2870 quae
1248 2794 1322 2848 tutu

196 2891 230 2960 iu
245 2887 448 2960 collectione
456 2886 627 2959 Actesdu
636 2887 753 2987 clerge‘
758 2887 801 2958 de
811 2895 947 2960 France
956 2891 1154 2986 (presertim
1163 2907 1324 2987 partein,

193 3004 296 3076 titulo
312 3004 349 3093 3,
370 3004 456 3073 tomi
473 3008 515 3092 V,
538 3004 698 3074 editionis
717 3003 836 3103 1716),
852 3021 924 3076 tum
939 3006 977 3076 in
994 3004 1069 3076 aliis
1087 3005 1184 3078 libris
1198 3034 1322 3080 occur·

192 3135 285 3190 runt.
314 3124 366 3190 Ex
396 3118 520 3212 quibus
540 3144 649 3214 pauca
675 3119 829 3214 quaedam
854 3119 1059 3217 seligemus,
1077 3137 1112 3192 at
1142 3149 1219 3219 quae
1247 3151 1321 3196 reni

187 3236 272 3305 satis
282 3233 457 3306 evincunt.

241 3379 259 3418 ιι
276 3354 325 3420 La
340 3374 425 3420 cour
443 3348 485 3418 de
504 3345 696 3418 Parlement
713 3348 755 3418 de
777 3350 871 3420 Paris
887 3349 957 3445 (ait
971 3352 1183 3440 Burdeuare,
1195 3354 1322 3426 L'estat

188 3497 209 3531 ιι
225 3467 268 3538 do
286 3463 508 3552 cathedrales,
527 3488 562 3558 p.
595 3463 683 3550 164,Ι
704 3464 787 3536 e'dit.
807 3465 850 3536 de
874 3467 968 3537 Paris
991 3466 1106 3562 1643)
1120 3493 1162 3538 eu
1177 3469 1321 3564 jugeaut

187 3610 208 3644 ιι
228 3577 350 3676 l'appel
371 3601 503 3648 comme
525 3577 645 3648 d’abus
665 3579 712 3648 du
733 3579 956 3674 changemeut
971 3582 1016 3652 du
1030 3581 1199 3654 bre‘viaire
1213 3585 1321 3655 d'An-

188 3724 208 3758 ιι
222 3695 305 3787 jou,
321 3691 476 3762 ordoune
494 3713 556 3784 par
575 3688 726 3784 leveque
741 3691 904 3788 d'Angers
923 3720 965 3766 eu
990 3693 1113 3790 l’lglise
1134 3697 1175 3766 de
1193 3696 1226 3768 la
1244 3700 1320 3770 Tri·

195 3837 212 3871 «
231 3806 314 3893 nite',
333 3818 366 3874 et
382 3804 569 3897 iujcuctiou
583 3801 695 3874 d'user
707 3804 748 3874 de
760 3804 849 3876 celui
865 3808 907 3878 dc
924 3812 1041 3897 Rome,
1060 3811 1206 3881 reforme
1220 3812 1317 3886 selon

187 3951 204 3985 ιι
224 3919 320 3989 l'avis
338 3917 397 3988 des
417 3917 520 3988 Pbres
543 3918 725 3990 assemblez
749 3947 792 3992 en
809 3921 841 3992 la
864 3922 942 3993 rille
960 3923 1003 3996 de
1017 3929 1235 4022 'l'rente,par
1259 3953 1317 4000 ar-

186 4066 204 4101 «
222 4049 293 4106 rest
317 4021 431 4106 donne
457 4059 499 4104 en
520 4031 709 4107 l’audience
736 4037 778 4106 de
799 4036 831 4107 la
858 4038 965 4133 grand
991 4041 1151 4114 chambre
1175 4042 1207 4114 le
1220 4043 1316 4136 jeudi

185 4181 203 4215 ιι
222 4177 265 4247 ²7
290 4147 414 4220 sevrier
437 4148 715 4245 1603‚p1aidans
742 4153 891 4243 Robert,
909 4154 1086 4252 Choppin,
1114 4158 1262 4230 Bouchel
1281 4176 1316 4230 et

187 4295 205 4330 ιι
223 4265 448 4358 Monthelon,
469 4265 671 4336 entr’autres
683 4267 805 4340 choses·
815 4267 880 4340 elle
894 4269 1027 4344 de'clara
1054 4297 1121 4368 que
1138 4270 1170 4344 le
1186 4277 1314 4346 service

183 4409 202 4444 ιι
220 4380 311 4451 divin
333 4381 505 4452 ordinaire
530 4407 573 4451 eu
601 4379 726 4478 l‘iglise
756 4383 798 4453 de
826 4383 856 4456 la
875 4387 1004 4472 Triuite
1024 4414 1068 4460 au
1090 4389 1140 4462 dit
1159 4394 1311 4488 Augers,
