<?xml version="1.0" encoding="UTF-8"?>
<!DOCTYPE html PUBLIC "-//W3C//DTD XHTML 1.0 Transitional//EN"
    "http://www.w3.org/TR/xhtml1/DTD/xhtml1-transitional.dtd">
<html xmlns="http://www.w3.org/1999/xhtml" xml:lang="en" lang="en">
 <head>
  <title>
</title>
<meta http-equiv="Content-Type" content="text/html;charset=utf-8" />
  <meta name='ocr-system' content='tesseract 3.04.00' />
  <meta name='ocr-capabilities' content='ocr_page ocr_carea ocr_par ocr_line ocrx_word'/>
</head>
<body>
  <div class='ocr_page' id='page_1' title='image "./tractatusdejure00bouigoog_0080.png"; bbox 0 0 3018 5070; ppageno 0'>
   <div class='ocr_carea' id='block_1_1' title="bbox 501 365 1258 464">
    <p class='ocr_par' dir='ltr' id='par_1_1' title="bbox 501 365 1258 464">
     <span class='ocr_line' id='line_1_1' title="bbox 501 365 1258 464; baseline 0.011 -36"><span class='ocrx_word' id='word_1_1' title='bbox 501 385 548 429; x_wconf 82' lang='lat' dir='ltr'><strong>nn</strong></span> <span class='ocrx_word' id='word_1_2' title='bbox 571 381 661 430; x_wconf 77' lang='lat' dir='ltr'><strong>sona</strong></span> <span class='ocrx_word' id='word_1_3' title='bbox 687 381 894 432; x_wconf 74' lang='lat' dir='ltr'><strong>arsoncmo.</strong></span> <span class='ocrx_word' id='word_1_4' title='bbox 1212 365 1258 464; x_wconf 84' lang='lat'><strong>67</strong></span> 
     </span>
    </p>
   </div>
   <div class='ocr_carea' id='block_1_2' title="bbox 61 505 1322 4517">
    <p class='ocr_par' dir='ltr' id='par_1_2' title="bbox 129 505 1263 724">
     <span class='ocr_line' id='line_1_2' title="bbox 131 505 1263 599; baseline 0.003 -17"><span class='ocrx_word' id='word_1_5' title='bbox 131 507 179 582; x_wconf 83' lang='lat' dir='ltr'><strong>cti</strong></span> <span class='ocrx_word' id='word_1_6' title='bbox 196 508 376 580; x_wconf 83' lang='lat' dir='ltr'><strong>divinitate</strong></span> <span class='ocrx_word' id='word_1_7' title='bbox 392 505 595 591; x_wconf 80' lang='lat' dir='ltr'><strong>doctrinam,</strong></span> <span class='ocrx_word' id='word_1_8' title='bbox 611 523 643 576; x_wconf 87' lang='lat' dir='ltr'><strong>et</strong></span> <span class='ocrx_word' id='word_1_9' title='bbox 659 508 760 578; x_wconf 88' lang='lat' dir='ltr'><strong>hodie</strong></span> <span class='ocrx_word' id='word_1_10' title='bbox 780 535 864 599; x_wconf 88' lang='lat' dir='ltr'><strong>esse,</strong></span> <span class='ocrx_word' id='word_1_11' title='bbox 881 523 914 580; x_wconf 89' lang='lat' dir='ltr'><strong>et</strong></span> <span class='ocrx_word' id='word_1_12' title='bbox 932 513 1108 581; x_wconf 73' lang='lat' dir='ltr'><strong>retroactis</strong></span> <span class='ocrx_word' id='word_1_13' title='bbox 1132 513 1263 585; x_wconf 67' lang='lat' dir='ltr'><strong>seculis</strong></span> 
     </span>
     <span class='ocr_line' id='line_1_3' title="bbox 129 621 1260 724; baseline 0.002 -27"><span class='ocrx_word' id='word_1_14' title='bbox 129 621 592 712; x_wconf 77' lang='lat' dir='ltr'><strong>misse,Ecetestaecatholicae</strong></span> <span class='ocrx_word' id='word_1_15' title='bbox 601 623 714 694; x_wconf 87' lang='lat' dir='ltr'><strong>fidem.</strong></span> <span class='ocrx_word' id='word_1_16' title='bbox 726 623 819 718; x_wconf 85' lang='lat' dir='ltr'><strong>Ergo</strong></span> <span class='ocrx_word' id='word_1_17' title='bbox 839 650 954 692; x_wconf 88' lang='lat' dir='ltr'><strong>verum</strong></span> <span class='ocrx_word' id='word_1_18' title='bbox 965 640 1015 694; x_wconf 89' lang='lat' dir='ltr'><strong>est</strong></span> <span class='ocrx_word' id='word_1_19' title='bbox 1031 625 1115 694; x_wconf 87' lang='lat' dir='ltr'><strong>illud</strong></span> <span class='ocrx_word' id='word_1_20' title='bbox 1126 625 1260 724; x_wconf 89' lang='lat' dir='ltr'><strong>dogma.</strong></span> 
     </span>
    </p>

    <p class='ocr_par' dir='ltr' id='par_1_3' title="bbox 129 737 1264 1154">
     <span class='ocr_line' id='line_1_4' title="bbox 177 737 1264 835; baseline 0.004 -23"><span class='ocrx_word' id='word_1_21' title='bbox 177 737 735 835; x_wconf 67' lang='lat' dir='ltr'><strong>Ptopositioi³.Ls&#39;turgiopr·obot</strong></span> <span class='ocrx_word' id='word_1_22' title='bbox 752 737 929 808; x_wconf 75' lang='lat' dir='ltr'><em>Christum</em></span> <span class='ocrx_word' id='word_1_23' title='bbox 939 745 1053 811; x_wconf 88' lang='lat' dir='ltr'><strong>Deum</strong></span> <span class='ocrx_word' id='word_1_24' title='bbox 1067 742 1178 812; x_wconf 84' lang='lat' dir='ltr'><strong>simul</strong></span> <span class='ocrx_word' id='word_1_25' title='bbox 1185 770 1264 816; x_wconf 83' lang='lat' dir='ltr'><strong>esse</strong></span> 
     </span>
     <span class='ocr_line' id='line_1_5' title="bbox 129 849 1262 952; baseline 0.004 -27"><span class='ocrx_word' id='word_1_26' title='bbox 129 871 165 926; x_wconf 84' lang='lat' dir='ltr'><strong>et</strong></span> <span class='ocrx_word' id='word_1_27' title='bbox 177 853 371 925; x_wconf 74' lang='lat' dir='ltr'><strong>hominem.</strong></span> <span class='ocrx_word' id='word_1_28' title='bbox 391 855 493 922; x_wconf 83' lang='lat' dir='ltr'><strong>-ln</strong></span> <span class='ocrx_word' id='word_1_29' title='bbox 509 849 648 948; x_wconf 75' lang='lat' dir='ltr'>liturgia</span> <span class='ocrx_word' id='word_1_30' title='bbox 664 877 804 923; x_wconf 90' lang='lat' dir='ltr'><strong>romana</strong></span> <span class='ocrx_word' id='word_1_31' title='bbox 825 853 1001 926; x_wconf 88' lang='lat' dir='ltr'><strong>abundant</strong></span> <span class='ocrx_word' id='word_1_32' title='bbox 1015 872 1124 926; x_wconf 85' lang='lat' dir='ltr'><strong>textus</strong></span> <span class='ocrx_word' id='word_1_33' title='bbox 1136 861 1262 952; x_wconf 91' lang='lat' dir='ltr'><strong>quibus</strong></span> 
     </span>
     <span class='ocr_line' id='line_1_6' title="bbox 131 965 1258 1066; baseline 0.006 -28"><span class='ocrx_word' id='word_1_34' title='bbox 131 969 256 1064; x_wconf 88' lang='lat' dir='ltr'><strong>dogma</strong></span> <span class='ocrx_word' id='word_1_35' title='bbox 272 965 479 1062; x_wconf 77' lang='lat' dir='ltr'><strong>illudpalam</strong></span> <span class='ocrx_word' id='word_1_36' title='bbox 494 967 706 1062; x_wconf 77' lang='lat' dir='ltr'><strong>exprimitur.</strong></span> <span class='ocrx_word' id='word_1_37' title='bbox 717 970 825 1058; x_wconf 80' lang='lat' dir='ltr'><strong>QuoS,</strong></span> <span class='ocrx_word' id='word_1_38' title='bbox 848 984 966 1064; x_wconf 82' lang='lat' dir='ltr'>utpote</span> <span class='ocrx_word' id='word_1_39' title='bbox 986 973 1108 1065; x_wconf 89' lang='lat' dir='ltr'><strong>cuique</strong></span> <span class='ocrx_word' id='word_1_40' title='bbox 1125 974 1258 1066; x_wconf 85' lang='lat' dir='ltr'><strong>obvios,</strong></span> 
     </span>
     <span class='ocr_line' id='line_1_7' title="bbox 129 1083 562 1154; baseline -0.002 0"><span class='ocrx_word' id='word_1_41' title='bbox 129 1083 274 1154; x_wconf 90' lang='lat' dir='ltr'><strong>hicnon</strong></span> <span class='ocrx_word' id='word_1_42' title='bbox 294 1083 562 1154; x_wconf 70' lang='lat' dir='ltr'><strong>transcribimua</strong></span> 
     </span>
    </p>

    <p class='ocr_par' dir='ltr' id='par_1_4' title="bbox 61 1197 1268 3363">
     <span class='ocr_line' id='line_1_8' title="bbox 179 1197 1262 1293; baseline 0.003 -24"><span class='ocrx_word' id='word_1_43' title='bbox 179 1203 226 1269; x_wconf 84' lang='lat' dir='ltr'><strong>At</strong></span> <span class='ocrx_word' id='word_1_44' title='bbox 249 1199 391 1293; x_wconf 82' lang='lat' dir='ltr'><strong>insuper</strong></span> <span class='ocrx_word' id='word_1_45' title='bbox 409 1211 600 1268; x_wconf 82' lang='lat' dir='ltr'>consonant</span> <span class='ocrx_word' id='word_1_46' title='bbox 616 1197 763 1293; x_wconf 81' lang='lat' dir='ltr'><strong>liturgiae</strong></span> <span class='ocrx_word' id='word_1_47' title='bbox 781 1213 911 1268; x_wconf 85' lang='lat' dir='ltr'><strong>veteres</strong></span> <span class='ocrx_word' id='word_1_48' title='bbox 931 1225 938 1268; x_wconf 91' lang='lat'>:</span> <span class='ocrx_word' id='word_1_49' title='bbox 961 1201 1262 1272; x_wconf 87' lang='lat' dir='ltr'><strong>sacramentarium</strong></span> 
     </span>
     <span class='ocr_line' id='line_1_9' title="bbox 130 1313 1263 1409; baseline 0.005 -25"><span class='ocrx_word' id='word_1_50' title='bbox 130 1315 240 1384; x_wconf 85' lang='lat' dir='ltr'><strong>sancti</strong></span> <span class='ocrx_word' id='word_1_51' title='bbox 265 1315 389 1382; x_wconf 86' lang='lat' dir='ltr'><strong>Leonis</strong></span> <span class='ocrx_word' id='word_1_52' title='bbox 415 1316 462 1382; x_wconf 89' lang='lat' dir='ltr'><strong>sic</strong></span> <span class='ocrx_word' id='word_1_53' title='bbox 486 1313 602 1402; x_wconf 79' lang='lat' dir='ltr'><strong>lralset,</strong></span> <span class='ocrx_word' id='word_1_54' title='bbox 625 1315 748 1409; x_wconf 84' lang='lat' dir='ltr'><strong>pagina</strong></span> <span class='ocrx_word' id='word_1_55' title='bbox 772 1313 842 1400; x_wconf 73' lang='lat'><strong>314</strong></span> <span class='ocrx_word' id='word_1_56' title='bbox 864 1341 872 1383; x_wconf 92' lang='lat'><strong>:</strong></span> <span class='ocrx_word' id='word_1_57' title='bbox 897 1317 943 1385; x_wconf 89' lang='lat' dir='ltr'><strong>In</strong></span> <span class='ocrx_word' id='word_1_58' title='bbox 976 1315 1080 1385; x_wconf 88' lang='lat' dir='ltr'><strong>coelos</strong></span> <span class='ocrx_word' id='word_1_59' title='bbox 1103 1319 1263 1390; x_wconf 79' lang='lat' dir='ltr'><strong>ascensio</strong></span> 
     </span>
     <span class='ocr_line' id='line_1_10' title="bbox 131 1427 1265 1518; baseline 0.004 -20"><span class='ocrx_word' id='word_1_60' title='bbox 131 1427 341 1518; x_wconf 67' lang='lat' dir='ltr'><strong>mediatoris</strong></span> <span class='ocrx_word' id='word_1_61' title='bbox 361 1432 430 1499; x_wconf 90' lang='lat' dir='ltr'><strong>Dei</strong></span> <span class='ocrx_word' id='word_1_62' title='bbox 437 1445 471 1498; x_wconf 83' lang='lat' dir='ltr'><strong>et</strong></span> <span class='ocrx_word' id='word_1_63' title='bbox 488 1429 669 1499; x_wconf 80' lang='lat' dir='ltr'><strong>hominum</strong></span> <span class='ocrx_word' id='word_1_64' title='bbox 680 1429 836 1500; x_wconf 79' lang='lat' dir='ltr'><strong>hominis</strong></span> <span class='ocrx_word' id='word_1_65' title='bbox 848 1435 933 1500; x_wconf 85' lang='lat' dir='ltr'><strong>Jesu</strong></span> <span class='ocrx_word' id='word_1_66' title='bbox 945 1429 1086 1517; x_wconf 78' lang='lat' dir='ltr'><strong>Christi,</strong></span> <span class='ocrx_word' id='word_1_67' title='bbox 1108 1457 1131 1500; x_wconf 87' lang='lat' dir='ltr'><strong>a</strong></span> <span class='ocrx_word' id='word_1_68' title='bbox 1144 1448 1265 1503; x_wconf 87' lang='lat' dir='ltr'><strong>nostro</strong></span> 
     </span>
     <span class='ocr_line' id='line_1_11' title="bbox 130 1541 1262 1650; baseline 0.004 -36"><span class='ocrx_word' id='word_1_69' title='bbox 130 1567 206 1614; x_wconf 87' lang='lat' dir='ltr'><strong>non</strong></span> <span class='ocrx_word' id='word_1_70' title='bbox 224 1559 280 1613; x_wconf 85' lang='lat' dir='ltr'><strong>est</strong></span> <span class='ocrx_word' id='word_1_71' title='bbox 296 1541 499 1650; x_wconf 66' lang='lat' dir='ltr'><strong>inutilitate</strong></span> <span class='ocrx_word' id='word_1_72' title='bbox 517 1541 696 1630; x_wconf 74' lang='lat' dir='ltr'><strong>discemiO,</strong></span> <span class='ocrx_word' id='word_1_73' title='bbox 720 1543 804 1614; x_wconf 73' lang='lat' dir='ltr'><strong>(lum</strong></span> <span class='ocrx_word' id='word_1_74' title='bbox 828 1559 864 1614; x_wconf 85' lang='lat' dir='ltr'><strong>et</strong></span> <span class='ocrx_word' id='word_1_75' title='bbox 891 1546 929 1613; x_wconf 88' lang='lat' dir='ltr'><strong>in</strong></span> <span class='ocrx_word' id='word_1_76' title='bbox 955 1571 998 1614; x_wconf 89' lang='lat' dir='ltr'><strong>eo</strong></span> <span class='ocrx_word' id='word_1_77' title='bbox 1017 1546 1135 1644; x_wconf 80' lang='lat' dir='ltr'><strong>gloria</strong></span> <span class='ocrx_word' id='word_1_78' title='bbox 1156 1573 1262 1646; x_wconf 83' lang='lat' dir='ltr'><strong>quum</strong></span> 
     </span>
     <span class='ocr_line' id='line_1_12' title="bbox 131 1657 1264 1758; baseline 0.004 -28"><span class='ocrx_word' id='word_1_79' title='bbox 131 1674 248 1730; x_wconf 82' lang='lat' dir='ltr'><strong>tecum</strong></span> <span class='ocrx_word' id='word_1_80' title='bbox 264 1683 403 1756; x_wconf 81' lang='lat' dir='ltr'><strong>semper</strong></span> <span class='ocrx_word' id='word_1_81' title='bbox 415 1657 550 1748; x_wconf 77' lang='lat' dir='ltr'><strong>habuit,</strong></span> <span class='ocrx_word' id='word_1_82' title='bbox 563 1676 600 1729; x_wconf 85' lang='lat' dir='ltr'><strong>et</strong></span> <span class='ocrx_word' id='word_1_83' title='bbox 611 1662 649 1730; x_wconf 89' lang='lat' dir='ltr'><strong>in</strong></span> <span class='ocrx_word' id='word_1_84' title='bbox 665 1685 708 1729; x_wconf 86' lang='lat' dir='ltr'><strong>ea</strong></span> <span class='ocrx_word' id='word_1_85' title='bbox 724 1675 855 1730; x_wconf 79' lang='lat' dir='ltr'><strong>notura</strong></span> <span class='ocrx_word' id='word_1_86' title='bbox 870 1675 1046 1757; x_wconf 84' lang='lat' dir='ltr'><strong>estquam</strong></span> <span class='ocrx_word' id='word_1_87' title='bbox 1060 1659 1264 1758; x_wconf 70' lang='lat' dir='ltr'><strong>sziamsecn</strong></span> 
     </span>
     <span class='ocr_line' id='line_1_13' title="bbox 131 1771 1262 1872; baseline 0.004 -29"><span class='ocrx_word' id='word_1_88' title='bbox 131 1799 178 1844; x_wconf 77' lang='lat' dir='ltr'><strong>ea</strong></span> <span class='ocrx_word' id='word_1_89' title='bbox 193 1771 310 1844; x_wconf 77' lang='lat' dir='ltr'><strong>nodis.</strong></span> <span class='ocrx_word' id='word_1_90' title='bbox 336 1776 464 1870; x_wconf 81' lang='lat' dir='ltr'><strong>Pagina</strong></span> <span class='ocrx_word' id='word_1_91' title='bbox 483 1789 594 1844; x_wconf 89' lang='lat' dir='ltr'><strong>autem</strong></span> <span class='ocrx_word' id='word_1_92' title='bbox 610 1773 683 1871; x_wconf 72' lang='grc'><strong>469</strong></span> <span class='ocrx_word' id='word_1_93' title='bbox 702 1801 709 1843; x_wconf 93' lang='lat'><strong>:</strong></span> <span class='ocrx_word' id='word_1_94' title='bbox 734 1780 778 1844; x_wconf 86' lang='lat' dir='ltr'><strong>In</strong></span> <span class='ocrx_word' id='word_1_95' title='bbox 792 1775 923 1872; x_wconf 81' lang='lat' dir='ltr'><strong>qsu&#39;bus</strong></span> <span class='ocrx_word' id='word_1_96' title='bbox 940 1773 1102 1846; x_wconf 82' lang='lat' dir='ltr'><strong>omnibus</strong></span> <span class='ocrx_word' id='word_1_97' title='bbox 1120 1777 1262 1847; x_wconf 81' lang='lat' dir='ltr'><strong>eviden-</strong></span> 
     </span>
     <span class='ocr_line' id='line_1_14' title="bbox 133 1889 1266 1990; baseline 0.001 -29"><span class='ocrx_word' id='word_1_98' title='bbox 133 1907 187 1961; x_wconf 82' lang='lat' dir='ltr'><strong>ter</strong></span> <span class='ocrx_word' id='word_1_99' title='bbox 201 1895 321 1960; x_wconf 85' lang='lat' dir='ltr'><strong>Deum</strong></span> <span class='ocrx_word' id='word_1_100' title='bbox 335 1889 583 1988; x_wconf 70' lang='lat' dir='ltr'><strong>hominemque</strong></span> <span class='ocrx_word' id='word_1_101' title='bbox 598 1892 850 1989; x_wconf 79' lang='lat' dir='ltr'><strong>cognoscimus,</strong></span> <span class='ocrx_word' id='word_1_102' title='bbox 873 1892 936 1987; x_wconf 81' lang='lat' dir='ltr'><strong>qui</strong></span> <span class='ocrx_word' id='word_1_103' title='bbox 944 1891 1161 1986; x_wconf 84' lang='lat' dir='ltr'><strong>suscipiendo</strong></span> <span class='ocrx_word' id='word_1_104' title='bbox 1169 1889 1266 1990; x_wconf 86' lang='lat' dir='ltr'><strong>quod</strong></span> 
     </span>
     <span class='ocr_line' id='line_1_15' title="bbox 131 2001 1261 2102; baseline 0.001 -27"><span class='ocrx_word' id='word_1_105' title='bbox 131 2019 291 2075; x_wconf 78' lang='lat' dir='ltr'><strong>nostmm</strong></span> <span class='ocrx_word' id='word_1_106' title='bbox 309 2019 376 2092; x_wconf 88' lang='lat' dir='ltr'><strong>est,</strong></span> <span class='ocrx_word' id='word_1_107' title='bbox 397 2001 568 2102; x_wconf 71' lang='lat' dir='ltr'><strong>digitulos</strong></span> <span class='ocrx_word' id='word_1_108' title='bbox 588 2021 642 2075; x_wconf 85' lang='lat' dir='ltr'><strong>est</strong></span> <span class='ocrx_word' id='word_1_109' title='bbox 662 2003 764 2074; x_wconf 84' lang='lat' dir='ltr'><strong>nobis</strong></span> <span class='ocrx_word' id='word_1_110' title='bbox 778 2003 935 2098; x_wconf 85' lang='lat' dir='ltr'><strong>conferre</strong></span> <span class='ocrx_word' id='word_1_111' title='bbox 955 2003 1053 2101; x_wconf 88' lang='lat' dir='ltr'><strong>quod</strong></span> <span class='ocrx_word' id='word_1_112' title='bbox 1069 2032 1171 2076; x_wconf 74' lang='lat' dir='ltr'><strong>sirum</strong></span> <span class='ocrx_word' id='word_1_113' title='bbox 1197 2025 1261 2078; x_wconf 87' lang='lat' dir='ltr'><strong>est.</strong></span> 
     </span>
     <span class='ocr_line' id='line_1_16' title="bbox 131 2115 1263 2212; baseline 0.001 -24"><span class='ocrx_word' id='word_1_114' title='bbox 131 2119 263 2212; x_wconf 86' lang='lat' dir='ltr'><strong>Pagina</strong></span> <span class='ocrx_word' id='word_1_115' title='bbox 281 2117 352 2202; x_wconf 70' lang='lat'><strong>482</strong></span> <span class='ocrx_word' id='word_1_116' title='bbox 368 2142 380 2184; x_wconf 74' lang='lat' dir='ltr'><strong>s</strong></span> <span class='ocrx_word' id='word_1_117' title='bbox 400 2119 445 2186; x_wconf 85' lang='lat' dir='ltr'><strong>Ut</strong></span> <span class='ocrx_word' id='word_1_118' title='bbox 456 2141 547 2185; x_wconf 85' lang='lat' dir='ltr'><strong>unns</strong></span> <span class='ocrx_word' id='word_1_119' title='bbox 563 2115 724 2186; x_wconf 70' lang='lat' dir='ltr'><strong>Christro</strong></span> <span class='ocrx_word' id='word_1_120' title='bbox 736 2117 773 2185; x_wconf 88' lang='lat' dir='ltr'><strong>in</strong></span> <span class='ocrx_word' id='word_1_121' title='bbox 788 2118 860 2184; x_wconf 92' lang='lat' dir='ltr'><strong>Dei</strong></span> <span class='ocrx_word' id='word_1_122' title='bbox 876 2133 983 2212; x_wconf 84' lang='lat' dir='ltr'><strong>atque</strong></span> <span class='ocrx_word' id='word_1_123' title='bbox 997 2117 1153 2186; x_wconf 84' lang='lat' dir='ltr'><strong>honu&#39;nis</strong></span> <span class='ocrx_word' id='word_1_124' title='bbox 1171 2122 1263 2190; x_wconf 84' lang='lat' dir='ltr'><strong>veri-</strong></span> 
     </span>
     <span class='ocr_line' id='line_1_17' title="bbox 132 2231 1263 2328; baseline -0.002 -20"><span class='ocrx_word' id='word_1_125' title='bbox 132 2252 220 2328; x_wconf 80' lang='lat' dir='ltr'><strong>tate,</strong></span> <span class='ocrx_word' id='word_1_126' title='bbox 239 2259 305 2306; x_wconf 89' lang='lat' dir='ltr'><strong>nec</strong></span> <span class='ocrx_word' id='word_1_127' title='bbox 324 2262 348 2304; x_wconf 83' lang='lat' dir='ltr'><strong>o</strong></span> <span class='ocrx_word' id='word_1_128' title='bbox 364 2251 483 2306; x_wconf 85' lang='lat' dir='ltr'><strong>nostru</strong></span> <span class='ocrx_word' id='word_1_129' title='bbox 497 2235 628 2305; x_wconf 76' lang='lat' dir='ltr'><strong>divisus</strong></span> <span class='ocrx_word' id='word_1_130' title='bbox 645 2250 790 2320; x_wconf 79' lang='lat' dir='ltr'><strong>notura,</strong></span> <span class='ocrx_word' id='word_1_131' title='bbox 802 2258 866 2303; x_wconf 89' lang='lat' dir='ltr'><strong>nec</strong></span> <span class='ocrx_word' id='word_1_132' title='bbox 877 2259 899 2302; x_wconf 83' lang='lat' dir='ltr'><strong>n</strong></span> <span class='ocrx_word' id='word_1_133' title='bbox 913 2249 974 2303; x_wconf 87' lang='lat' dir='ltr'><strong>tuo</strong></span> <span class='ocrx_word' id='word_1_134' title='bbox 990 2231 1161 2304; x_wconf 80' lang='lat' dir='ltr'><strong>discretos</strong></span> <span class='ocrx_word' id='word_1_135' title='bbox 1181 2235 1263 2306; x_wconf 73' lang='lat' dir='ltr'><strong>ualo-</strong></span> 
     </span>
     <span class='ocr_line' id='line_1_18' title="bbox 133 2347 1264 2445; baseline 0 -23"><span class='ocrx_word' id='word_1_136' title='bbox 133 2369 233 2422; x_wconf 83' lang='lat' dir='ltr'><strong>retur</strong></span> <span class='ocrx_word' id='word_1_137' title='bbox 246 2353 410 2421; x_wconf 81' lang='lat' dir='ltr'><strong>essentia.</strong></span> <span class='ocrx_word' id='word_1_138' title='bbox 423 2354 509 2420; x_wconf 88' lang='lat' dir='ltr'><strong>Item</strong></span> <span class='ocrx_word' id='word_1_139' title='bbox 525 2352 560 2431; x_wconf 91' lang='lat' dir='ltr'><strong>in</strong></span> <span class='ocrx_word' id='word_1_140' title='bbox 578 2347 666 2420; x_wconf 91' lang='lat' dir='ltr'><strong>libro</strong></span> <span class='ocrx_word' id='word_1_141' title='bbox 680 2349 1013 2445; x_wconf 88' lang='lat' dir='ltr'><strong>gothico-hispanico</strong></span> <span class='ocrx_word' id='word_1_142' title='bbox 1036 2375 1055 2420; x_wconf 91' lang='lat' dir='ltr'><strong>a</strong></span> <span class='ocrx_word' id='word_1_143' title='bbox 1076 2349 1264 2424; x_wconf 90' lang='lat' dir='ltr'><strong>Blanchino</strong></span> 
     </span>
     <span class='ocr_line' id='line_1_19' title="bbox 132 2463 1265 2560; baseline 0 -26"><span class='ocrx_word' id='word_1_144' title='bbox 132 2463 238 2552; x_wconf 88' lang='lat' dir='ltr'><strong>edito,</strong></span> <span class='ocrx_word' id='word_1_145' title='bbox 262 2465 385 2560; x_wconf 86' lang='lat' dir='ltr'><strong>pagina</strong></span> <span class='ocrx_word' id='word_1_146' title='bbox 404 2463 450 2559; x_wconf 74' lang='lat'><strong>3¹7</strong></span> <span class='ocrx_word' id='word_1_147' title='bbox 474 2467 613 2558; x_wconf 76' lang='lat' dir='ltr'><strong>:Homo</strong></span> <span class='ocrx_word' id='word_1_148' title='bbox 625 2487 732 2534; x_wconf 84' lang='lat' dir='ltr'><strong>uerus</strong></span> <span class='ocrx_word' id='word_1_149' title='bbox 746 2479 782 2532; x_wconf 84' lang='lat' dir='ltr'><strong>et</strong></span> <span class='ocrx_word' id='word_1_150' title='bbox 794 2464 1013 2558; x_wconf 67' lang='lat' dir='ltr'><strong>omniootens</strong></span> <span class='ocrx_word' id='word_1_151' title='bbox 1030 2467 1140 2539; x_wconf 80' lang='lat' dir='ltr'><strong>Deur.</strong></span> <span class='ocrx_word' id='word_1_152' title='bbox 1155 2467 1265 2560; x_wconf 69' lang='lat' dir='ltr'><strong>Atque</strong></span> 
     </span>
     <span class='ocr_line' id='line_1_20' title="bbox 133 2577 1268 2674; baseline -0.001 -25"><span class='ocrx_word' id='word_1_153' title='bbox 133 2579 272 2666; x_wconf 83' lang='lat' dir='ltr'><strong>ibidem,</strong></span> <span class='ocrx_word' id='word_1_154' title='bbox 291 2579 414 2674; x_wconf 89' lang='lat' dir='ltr'><strong>pagina</strong></span> <span class='ocrx_word' id='word_1_155' title='bbox 426 2577 503 2663; x_wconf 66' lang='lat' dir='ltr'><strong>dd:</strong></span> <span class='ocrx_word' id='word_1_156' title='bbox 529 2581 577 2648; x_wconf 79' lang='lat' dir='ltr'><strong>tu</strong></span> <span class='ocrx_word' id='word_1_157' title='bbox 593 2580 646 2648; x_wconf 91' lang='lat' dir='ltr'><strong>sic</strong></span> <span class='ocrx_word' id='word_1_158' title='bbox 664 2602 729 2647; x_wconf 87' lang='lat' dir='ltr'><strong>nos</strong></span> <span class='ocrx_word' id='word_1_159' title='bbox 740 2581 804 2674; x_wconf 88' lang='lat' dir='ltr'><strong>qui</strong></span> <span class='ocrx_word' id='word_1_160' title='bbox 819 2595 852 2648; x_wconf 89' lang='lat' dir='ltr'><strong>te</strong></span> <span class='ocrx_word' id='word_1_161' title='bbox 870 2583 984 2648; x_wconf 85' lang='lat' dir='ltr'><strong>Deum</strong></span> <span class='ocrx_word' id='word_1_162' title='bbox 997 2582 1137 2674; x_wconf 68' lang='lat' dir='ltr'><strong>[rariter</strong></span> <span class='ocrx_word' id='word_1_163' title='bbox 1148 2593 1183 2647; x_wconf 82' lang='lat' dir='ltr'><strong>et</strong></span> <span class='ocrx_word' id='word_1_164' title='bbox 1201 2577 1268 2648; x_wconf 78' lang='lat' dir='ltr'><strong>lto-</strong></span> 
     </span>
     <span class='ocr_line' id='line_1_21' title="bbox 133 2691 1268 2791; baseline -0.002 -27"><span class='ocrx_word' id='word_1_165' title='bbox 133 2697 266 2764; x_wconf 91' lang='lat' dir='ltr'><strong>minem</strong></span> <span class='ocrx_word' id='word_1_166' title='bbox 282 2695 459 2764; x_wconf 76' lang='lat' dir='ltr'><strong>verucimr</strong></span> <span class='ocrx_word' id='word_1_167' title='bbox 476 2692 692 2782; x_wconf 78' lang='lat' dir='ltr'><strong>confitentes,</strong></span> <span class='ocrx_word' id='word_1_168' title='bbox 709 2716 818 2762; x_wconf 72' lang='lat' dir='ltr'><strong>arnum</strong></span> <span class='ocrx_word' id='word_1_169' title='bbox 830 2691 1005 2791; x_wconf 82' lang='lat' dir='ltr'><strong>credimus</strong></span> <span class='ocrx_word' id='word_1_170' title='bbox 1022 2693 1207 2764; x_wconf 74' lang='lat' dir='ltr'><strong>Christum.</strong></span> <span class='ocrx_word' id='word_1_171' title='bbox 1225 2695 1268 2764; x_wconf 85' lang='lat' dir='ltr'><strong>Et</strong></span> 
     </span>
     <span class='ocr_line' id='line_1_22' title="bbox 133 2803 1267 2905; baseline -0.002 -28"><span class='ocrx_word' id='word_1_172' title='bbox 133 2811 259 2904; x_wconf 86' lang='lat' dir='ltr'><strong>pagina</strong></span> <span class='ocrx_word' id='word_1_173' title='bbox 280 2809 353 2905; x_wconf 83' lang='lat'><strong>98:</strong></span> <span class='ocrx_word' id='word_1_174' title='bbox 374 2803 585 2878; x_wconf 75' lang='lat' dir='ltr'><strong>Maledictus</strong></span> <span class='ocrx_word' id='word_1_175' title='bbox 605 2822 659 2876; x_wconf 88' lang='lat' dir='ltr'><strong>est</strong></span> <span class='ocrx_word' id='word_1_176' title='bbox 679 2809 810 2905; x_wconf 82' lang='lat' dir='ltr'><strong>utique,</strong></span> <span class='ocrx_word' id='word_1_177' title='bbox 832 2811 999 2895; x_wconf 86' lang='lat' dir='ltr'><strong>Domine,</strong></span> <span class='ocrx_word' id='word_1_178' title='bbox 1024 2809 1140 2876; x_wconf 89' lang='lat' dir='ltr'><strong>omnis</strong></span> <span class='ocrx_word' id='word_1_179' title='bbox 1163 2807 1267 2876; x_wconf 78' lang='lat' dir='ltr'><strong>homo</strong></span> 
     </span>
     <span class='ocr_line' id='line_1_23' title="bbox 134 2921 1268 3020; baseline -0.003 -27"><span class='ocrx_word' id='word_1_180' title='bbox 134 2925 200 3020; x_wconf 85' lang='lat' dir='ltr'><strong>qui</strong></span> <span class='ocrx_word' id='word_1_181' title='bbox 222 2925 261 2992; x_wconf 88' lang='lat' dir='ltr'><strong>in</strong></span> <span class='ocrx_word' id='word_1_182' title='bbox 282 2921 629 3018; x_wconf 79' lang='lat' dir='ltr'><strong>cordesuosnbricot</strong></span> <span class='ocrx_word' id='word_1_183' title='bbox 641 2921 789 3013; x_wconf 84' lang='lat' dir='ltr'><strong>molum,</strong></span> <span class='ocrx_word' id='word_1_184' title='bbox 804 2923 937 2992; x_wconf 81' lang='lat' dir='ltr'><strong>scilicet</strong></span> <span class='ocrx_word' id='word_1_185' title='bbox 952 2923 1017 3018; x_wconf 84' lang='lat' dir='ltr'><strong>qui</strong></span> <span class='ocrx_word' id='word_1_186' title='bbox 1029 2937 1062 2990; x_wconf 82' lang='lat' dir='ltr'><strong>te</strong></span> <span class='ocrx_word' id='word_1_187' title='bbox 1078 2921 1142 2990; x_wconf 83' lang='lat' dir='ltr'><strong>vel</strong></span> <span class='ocrx_word' id='word_1_188' title='bbox 1149 2921 1268 2990; x_wconf 75' lang='lat' dir='ltr'><strong>nomi-</strong></span> 
     </span>
     <span class='ocr_line' id='line_1_24' title="bbox 134 3035 1266 3138; baseline -0.001 -29"><span class='ocrx_word' id='word_1_189' title='bbox 134 3061 218 3109; x_wconf 80' lang='lat' dir='ltr'><strong>nem</strong></span> <span class='ocrx_word' id='word_1_190' title='bbox 249 3053 356 3138; x_wconf 81' lang='lat' dir='ltr'><strong>negot</strong></span> <span class='ocrx_word' id='word_1_191' title='bbox 390 3063 466 3108; x_wconf 91' lang='lat' dir='ltr'><strong>esse</strong></span> <span class='ocrx_word' id='word_1_192' title='bbox 478 3035 553 3107; x_wconf 58' lang='lat' dir='ltr'><strong>&#39;vel</strong></span> <span class='ocrx_word' id='word_1_193' title='bbox 567 3043 696 3136; x_wconf 81' lang='lat' dir='ltr'><strong>Deum.</strong></span> <span class='ocrx_word' id='word_1_194' title='bbox 713 3039 809 3132; x_wconf 86' lang='lat' dir='ltr'><strong>&#39;Ergo</strong></span> <span class='ocrx_word' id='word_1_195' title='bbox 832 3035 1022 3106; x_wconf 85' lang='lat' dir='ltr'><strong>universale</strong></span> <span class='ocrx_word' id='word_1_196' title='bbox 1053 3035 1093 3104; x_wconf 91' lang='lat' dir='ltr'><strong>de</strong></span> <span class='ocrx_word' id='word_1_197' title='bbox 1127 3035 1266 3131; x_wconf 86' lang='lat' dir='ltr'><strong>praefato</strong></span> 
     </span>
     <span class='ocr_line' id='line_1_25' title="bbox 61 3151 1266 3262; baseline -0.001 -38"><span class='ocrx_word' id='word_1_198' title='bbox 61 3251 67 3262; x_wconf 91' lang='lat'><strong>.</strong></span> <span class='ocrx_word' id='word_1_199' title='bbox 135 3154 294 3250; x_wconf 84' lang='lat' dir='ltr'><strong>dogmate</strong></span> <span class='ocrx_word' id='word_1_200' title='bbox 313 3155 509 3250; x_wconf 82' lang='lat' dir='ltr'><strong>liturgicum</strong></span> <span class='ocrx_word' id='word_1_201' title='bbox 535 3151 689 3223; x_wconf 85' lang='lat' dir='ltr'><strong>Ecclesiae</strong></span> <span class='ocrx_word' id='word_1_202' title='bbox 718 3151 892 3250; x_wconf 83' lang='lat' dir='ltr'><strong>catholicae</strong></span> <span class='ocrx_word' id='word_1_203' title='bbox 919 3153 1167 3241; x_wconf 76' lang='lat' dir='ltr'><strong>testimonium,</strong></span> <span class='ocrx_word' id='word_1_204' title='bbox 1187 3181 1266 3252; x_wconf 88' lang='lat' dir='ltr'><strong>ergo</strong></span> 
     </span>
     <span class='ocr_line' id='line_1_26' title="bbox 135 3267 567 3363; baseline -0.005 -25"><span class='ocrx_word' id='word_1_205' title='bbox 135 3293 255 3340; x_wconf 80' lang='lat' dir='ltr'><strong>verum</strong></span> <span class='ocrx_word' id='word_1_206' title='bbox 272 3283 305 3339; x_wconf 86' lang='lat' dir='ltr'><strong>et</strong></span> <span class='ocrx_word' id='word_1_207' title='bbox 320 3267 405 3338; x_wconf 89' lang='lat' dir='ltr'><strong>illud</strong></span> <span class='ocrx_word' id='word_1_208' title='bbox 433 3267 567 3363; x_wconf 81' lang='lat' dir='ltr'><strong>dogma.</strong></span> 
     </span>
    </p>

    <p class='ocr_par' dir='ltr' id='par_1_5' title="bbox 137 3379 1322 4402">
     <span class='ocr_line' id='line_1_27' title="bbox 184 3379 1268 3480; baseline -0.005 -25"><span class='ocrx_word' id='word_1_209' title='bbox 184 3385 380 3480; x_wconf 86' lang='lat' dir='ltr'><strong>Propositio</strong></span> <span class='ocrx_word' id='word_1_210' title='bbox 401 3381 447 3454; x_wconf 62' lang='grc' dir='ltr'><strong>δ”.</strong></span> <span class='ocrx_word' id='word_1_211' title='bbox 469 3381 625 3480; x_wconf 72' lang='lat' dir='ltr'><strong>liturgia</strong></span> <span class='ocrx_word' id='word_1_212' title='bbox 641 3379 992 3453; x_wconf 82' lang='lat' dir='ltr'><strong>demonstrntBeatae</strong></span> <span class='ocrx_word' id='word_1_213' title='bbox 1009 3383 1166 3478; x_wconf 79' lang='lat' dir='ltr'><strong>Virginis</strong></span> <span class='ocrx_word' id='word_1_214' title='bbox 1184 3397 1268 3451; x_wconf 81' lang='lat' dir='ltr'><strong>ante</strong></span> 
     </span>
     <span class='ocr_line' id='line_1_28' title="bbox 137 3491 1267 3597; baseline -0.003 -27"><span class='ocrx_word' id='word_1_215' title='bbox 137 3515 171 3570; x_wconf 83' lang='lat' dir='ltr'><strong>et</strong></span> <span class='ocrx_word' id='word_1_216' title='bbox 174 3517 265 3596; x_wconf 76' lang='lat' dir='ltr'><strong>post</strong></span> <span class='ocrx_word' id='word_1_217' title='bbox 267 3515 416 3596; x_wconf 82' lang='lat' dir='ltr'><strong>partum</strong></span> <span class='ocrx_word' id='word_1_218' title='bbox 436 3499 691 3597; x_wconf 77' lang='lat' dir='ltr'><strong>virginitatem.</strong></span> <span class='ocrx_word' id='word_1_219' title='bbox 711 3538 760 3549; x_wconf 93' lang='lat'><em>-</em></span> <span class='ocrx_word' id='word_1_220' title='bbox 778 3498 832 3565; x_wconf 88' lang='lat' dir='ltr'><strong>De</strong></span> <span class='ocrx_word' id='word_1_221' title='bbox 850 3493 988 3590; x_wconf 81' lang='lat' dir='ltr'><strong>liturgia</strong></span> <span class='ocrx_word' id='word_1_222' title='bbox 1007 3491 1174 3564; x_wconf 86' lang='lat' dir='ltr'><strong>hodierna</strong></span> <span class='ocrx_word' id='word_1_223' title='bbox 1195 3499 1267 3567; x_wconf 85' lang='lat' dir='ltr'><strong>Ro·</strong></span> 
     </span>
     <span class='ocr_line' id='line_1_29' title="bbox 137 3608 1322 3705; baseline 0.002 -21"><span class='ocrx_word' id='word_1_224' title='bbox 137 3639 246 3684; x_wconf 79' lang='lat' dir='ltr'><strong>manae</strong></span> <span class='ocrx_word' id='word_1_225' title='bbox 264 3614 423 3684; x_wconf 80' lang='lat' dir='ltr'><strong>Ecclesiae</strong></span> <span class='ocrx_word' id='word_1_226' title='bbox 447 3637 500 3682; x_wconf 92' lang='lat' dir='ltr'><strong>res</strong></span> <span class='ocrx_word' id='word_1_227' title='bbox 525 3614 607 3682; x_wconf 65' lang='lat' dir='ltr'><strong>&#39;satis</strong></span> <span class='ocrx_word' id='word_1_228' title='bbox 624 3627 706 3682; x_wconf 85' lang='lat' dir='ltr'><strong>nota</strong></span> <span class='ocrx_word' id='word_1_229' title='bbox 723 3629 795 3702; x_wconf 81' lang='lat' dir='ltr'><strong>est3</strong></span> <span class='ocrx_word' id='word_1_230' title='bbox 819 3624 848 3680; x_wconf 84' lang='lat' dir='ltr'><strong>et</strong></span> <span class='ocrx_word' id='word_1_231' title='bbox 870 3612 935 3680; x_wconf 90' lang='lat' dir='ltr'><strong>hoc</strong></span> <span class='ocrx_word' id='word_1_232' title='bbox 957 3608 1154 3705; x_wconf 88' lang='lat' dir='ltr'><strong>liturgicum</strong></span> <span class='ocrx_word' id='word_1_233' title='bbox 1176 3613 1269 3681; x_wconf 85' lang='lat' dir='ltr'><strong>testi·</strong></span> <span class='ocrx_word' id='word_1_234' title='bbox 1321 3681 1322 3686; x_wconf 73' lang='grc'>,</span> 
     </span>
     <span class='ocr_line' id='line_1_30' title="bbox 138 3725 1268 3826; baseline -0.004 -26"><span class='ocrx_word' id='word_1_235' title='bbox 138 3731 294 3800; x_wconf 87' lang='lat' dir='ltr'><strong>monium</strong></span> <span class='ocrx_word' id='word_1_236' title='bbox 314 3753 375 3826; x_wconf 87' lang='lat' dir='ltr'><strong>per</strong></span> <span class='ocrx_word' id='word_1_237' title='bbox 396 3753 430 3799; x_wconf 84' lang='lat' dir='ltr'><strong>se</strong></span> <span class='ocrx_word' id='word_1_238' title='bbox 448 3729 557 3800; x_wconf 83' lang='lat' dir='ltr'><strong>solum</strong></span> <span class='ocrx_word' id='word_1_239' title='bbox 576 3729 815 3824; x_wconf 85' lang='lat' dir='ltr'><strong>probationem</strong></span> <span class='ocrx_word' id='word_1_240' title='bbox 834 3725 984 3798; x_wconf 85' lang='lat' dir='ltr'><strong>conficit.</strong></span> <span class='ocrx_word' id='word_1_241' title='bbox 1007 3731 1052 3798; x_wconf 90' lang='lat' dir='ltr'><strong>At</strong></span> <span class='ocrx_word' id='word_1_242' title='bbox 1074 3727 1163 3797; x_wconf 89' lang='lat' dir='ltr'><strong>idem</strong></span> <span class='ocrx_word' id='word_1_243' title='bbox 1182 3754 1268 3797; x_wconf 84' lang='lat' dir='ltr'><strong>reso·</strong></span> 
     </span>
     <span class='ocr_line' id='line_1_31' title="bbox 140 3837 1268 3940; baseline -0.003 -25"><span class='ocrx_word' id='word_1_244' title='bbox 140 3859 222 3915; x_wconf 85' lang='lat' dir='ltr'><strong>nant</strong></span> <span class='ocrx_word' id='word_1_245' title='bbox 242 3846 278 3914; x_wconf 83' lang='lat' dir='ltr'><strong>in</strong></span> <span class='ocrx_word' id='word_1_246' title='bbox 290 3844 436 3940; x_wconf 87' lang='lat' dir='ltr'><strong>gloriam</strong></span> <span class='ocrx_word' id='word_1_247' title='bbox 448 3845 557 3915; x_wconf 80' lang='lat' dir='ltr'><strong>Beatae</strong></span> <span class='ocrx_word' id='word_1_248' title='bbox 571 3845 725 3939; x_wconf 72' lang='lat' dir='ltr'><strong>Virginis</strong></span> <span class='ocrx_word' id='word_1_249' title='bbox 738 3843 774 3912; x_wconf 91' lang='lat' dir='ltr'><strong>in</strong></span> <span class='ocrx_word' id='word_1_250' title='bbox 790 3857 863 3913; x_wconf 90' lang='lat' dir='ltr'><strong>tota</strong></span> <span class='ocrx_word' id='word_1_251' title='bbox 877 3843 1081 3937; x_wconf 89' lang='lat' dir='ltr'><strong>antiquitate</strong></span> <span class='ocrx_word' id='word_1_252' title='bbox 1097 3837 1244 3940; x_wconf 78' lang='lat' dir='ltr'><strong>liturgiae</strong></span> <span class='ocrx_word' id='word_1_253' title='bbox 1259 3870 1268 3912; x_wconf 89' lang='lat'>:</span> 
     </span>
     <span class='ocr_line' id='line_1_32' title="bbox 140 3954 1269 4053; baseline -0.001 -24"><span class='ocrx_word' id='word_1_254' title='bbox 140 3955 438 4029; x_wconf 77' lang='lat' dir='ltr'><strong>sacramentarium</strong></span> <span class='ocrx_word' id='word_1_255' title='bbox 453 3961 496 4029; x_wconf 70' lang='lat'><strong>³8.</strong></span> <span class='ocrx_word' id='word_1_256' title='bbox 505 3960 631 4032; x_wconf 87' lang='lat' dir='ltr'><strong>Leonis</strong></span> <span class='ocrx_word' id='word_1_257' title='bbox 654 3959 701 4028; x_wconf 87' lang='lat' dir='ltr'><strong>sic</strong></span> <span class='ocrx_word' id='word_1_258' title='bbox 720 3955 849 4048; x_wconf 82' lang='lat' dir='ltr'><strong>habet,</strong></span> <span class='ocrx_word' id='word_1_259' title='bbox 873 3957 994 4052; x_wconf 89' lang='lat' dir='ltr'><strong>pagina</strong></span> <span class='ocrx_word' id='word_1_260' title='bbox 1014 3954 1086 4053; x_wconf 60' lang='lat' dir='ltr'><strong>EJB</strong></span> <span class='ocrx_word' id='word_1_261' title='bbox 1109 3959 1269 4049; x_wconf 73' lang='lat' dir='ltr'><strong>:Quzoet</strong></span> 
     </span>
     <span class='ocr_line' id='line_1_33' title="bbox 142 4069 1270 4172; baseline -0.001 -28"><span class='ocrx_word' id='word_1_262' title='bbox 142 4089 255 4144; x_wconf 76' lang='lat' dir='ltr'><strong>nsoter</strong></span> <span class='ocrx_word' id='word_1_263' title='bbox 265 4077 369 4172; x_wconf 72' lang='lat' dir='ltr'><strong>uirgo</strong></span> <span class='ocrx_word' id='word_1_264' title='bbox 384 4095 455 4144; x_wconf 86' lang='lat' dir='ltr'><strong>non</strong></span> <span class='ocrx_word' id='word_1_265' title='bbox 463 4090 587 4170; x_wconf 80' lang='lat' dir='ltr'><strong>posset</strong></span> <span class='ocrx_word' id='word_1_266' title='bbox 604 4075 679 4144; x_wconf 88' lang='lat' dir='ltr'><strong>nisi</strong></span> <span class='ocrx_word' id='word_1_267' title='bbox 695 4069 850 4143; x_wconf 81' lang='lat' dir='ltr'><strong>sobolem</strong></span> <span class='ocrx_word' id='word_1_268' title='bbox 855 4069 1021 4170; x_wconf 83' lang='lat' dir='ltr'><strong>proferre</strong></span> <span class='ocrx_word' id='word_1_269' title='bbox 1041 4069 1209 4158; x_wconf 70' lang='lat' dir='ltr'><strong>divinam,</strong></span> <span class='ocrx_word' id='word_1_270' title='bbox 1234 4089 1270 4143; x_wconf 83' lang='lat' dir='ltr'><strong>et</strong></span> 
     </span>
     <span class='ocr_line' id='line_1_34' title="bbox 143 4181 1277 4289; baseline -0.005 -29"><span class='ocrx_word' id='word_1_271' title='bbox 143 4193 239 4260; x_wconf 80' lang='lat' dir='ltr'><strong>Deus</strong></span> <span class='ocrx_word' id='word_1_272' title='bbox 252 4189 475 4260; x_wconf 73' lang='lat' dir='ltr'><strong>nomonusci</strong></span> <span class='ocrx_word' id='word_1_273' title='bbox 485 4188 667 4289; x_wconf 81' lang='lat' dir='ltr'><strong>dignatus,</strong></span> <span class='ocrx_word' id='word_1_274' title='bbox 685 4189 932 4288; x_wconf 78' lang='lat' dir='ltr'><strong>congruentius</strong></span> <span class='ocrx_word' id='word_1_275' title='bbox 950 4211 1020 4258; x_wconf 90' lang='lat' dir='ltr'><strong>non</strong></span> <span class='ocrx_word' id='word_1_276' title='bbox 1040 4184 1179 4258; x_wconf 81' lang='lat' dir='ltr'><strong>dederet</strong></span> <span class='ocrx_word' id='word_1_277' title='bbox 1197 4181 1277 4256; x_wconf 83' lang='lat' dir='ltr'><strong>nisi</strong></span> 
     </span>
     <span class='ocr_line' id='line_1_35' title="bbox 142 4303 603 4402; baseline 0.011 -33"><span class='ocrx_word' id='word_1_278' title='bbox 142 4303 278 4398; x_wconf 76' lang='lat' dir='ltr'><strong>uirgine</strong></span> <span class='ocrx_word' id='word_1_279' title='bbox 300 4304 603 4402; x_wconf 68' lang='lat' dir='ltr'><strong>niumago-nemu.</strong></span> 
     </span>
    </p>

    <p class='ocr_par' dir='ltr' id='par_1_6' title="bbox 190 4411 1272 4517">
     <span class='ocr_line' id='line_1_36' title="bbox 190 4411 1272 4517; baseline -0.001 -33"><span class='ocrx_word' id='word_1_280' title='bbox 190 4417 498 4490; x_wconf 78' lang='lat' dir='ltr'><strong>sacramentarium</strong></span> <span class='ocrx_word' id='word_1_281' title='bbox 516 4416 876 4516; x_wconf 82' lang='lat' dir='ltr'><strong>Gelasianom,pagina</strong></span> <span class='ocrx_word' id='word_1_282' title='bbox 893 4441 918 4517; x_wconf 82' lang='lat'>9</span> <span class='ocrx_word' id='word_1_283' title='bbox 938 4445 946 4489; x_wconf 91' lang='lat'>:</span> <span class='ocrx_word' id='word_1_284' title='bbox 972 4419 1058 4510; x_wconf 75' lang='lat' dir='ltr'><strong>Quae</strong></span> <span class='ocrx_word' id='word_1_285' title='bbox 1071 4415 1214 4514; x_wconf 80' lang='lat' dir='ltr'><strong>peperit</strong></span> <span class='ocrx_word' id='word_1_286' title='bbox 1231 4411 1272 4484; x_wconf 76' lang='lat' dir='ltr'><strong>ei</strong></span> 
     </span>
    </p>
   </div>
   <div class='ocr_carea' id='block_1_3' title="bbox 0 0 1531 5070">
    <p class='ocr_par' dir='ltr' id='par_1_7' title="bbox 0 0 1531 5070">
     <span class='ocr_line' id='line_1_37' title="bbox 0 0 1531 5070; baseline 0 0"><span class='ocrx_word' id='word_1_287' title='bbox 0 0 1531 5070; x_wconf 95' lang='lat' dir='ltr'><strong> </strong></span> 
     </span>
    </p>
   </div>
  </div>
 </body>
</html>
