2982 5072
228 310 295 382 15²
686 329 894 376 ruscrarus

224 487 345 532 nature
362 457 567 553 rejiciendus
583 457 711 526 rituum
731 469 766 526 et
787 457 1066 526 caeremoniarum
1097 456 1238 528 modus..
1250 461 1354 554 Atqui

224 576 512 648 diserteSixtnsV
529 571 563 641 id
580 572 754 667 potestatis
770 569 917 665 praefato
931 574 1196 666 congregationi
1213 575 1247 642 in
1264 574 1355 644 (licta

225 691 319 762 bulla
339 692 481 760 confert.
490 688 705 759 Ordinariam
718 701 833 756 autem
847 713 917 756 esse
929 688 1128 780 hujusmodi
1139 704 1354 782 potestatem,

225 822 339 902 patet,
354 821 428 874 tum
444 830 484 872 ex
504 802 657 872 unanimi
689 801 868 870 doctorum
885 801 918 868 id
935 805 1155 872 asserentium
1172 807 1352 892 sententia,

225 939 297 993 tum
317 948 358 991 ex
378 919 521 1015 eoquod
538 932 673 988 mortuo
690 917 856 986 Pontifice
875 933 909 985 et
929 934 1068 988 vacante
1084 923 1239 990 Romana
1257 921 1352 1012 sede,

225 1051 417 1133 perseveret
444 1032 625 1104 tribunalis
653 1032 745 1102 illius
763 1032 971 1126 jurisdictio,
985 1035 1069 1128 quin
1087 1059 1174 1129 opus
1188 1034 1313 1108 habeat
1332 1062 1351 1106 a

225 1179 315 1224 novo
329 1168 443 1222 creato
461 1150 628 1220 Pontifice
642 1150 772 1218 restitui
790 1164 852 1218 aut
868 1149 1074 1222 confirmari.

273 1271 465 1366 Propositio
480 1273 529 1338 α’.
554 1273 704 1338 Decreta
715 1265 903 1365 generalia
931 1290 1043 1336 sacrae
1060 1268 1354 1364 Congregart'ouis

224 1391 373 1471 minum,
403 1386 479 1456 vim
499 1383 588 1480 legis
608 1381 820 1452 uriivcrsalis
837 1377 875 1450 εἰ
893 1382 1148 1451 conscientiam
1162 1381 1354 1480 obligantis

225 1497 548 1582 liabent-Notum
563 1498 748 1567 estdictam
756 1498 1062 1592 Congregatiouem
1078 1494 1265 1590 aliquando
1277 1523 1355 1592 pro·

117 1613 126 1622 “
225 1615 343 1685 cedere
358 1641 421 1711 per
440 1612 580 1682 modum
599 1611 734 1682 decreti
743 1611 934 1708 generalis,
957 1609 1143 1706 aliquando
1161 1627 1277 1684 autem
1294 1638 1354 1707 per
1412 1625 1417 1632 ’

225 1728 364 1798 modum
389 1727 523 1798 decreti
530 1725 776 1824 particularis,
787 1727 822 1796 id
831 1743 893 1814 est,
905 1726 946 1797 ad
955 1727 1191 1822 particularem
1204 1729 1354 1822 aliquam

225 1842 401 1914 ecclesiam
423 1859 483 1912 aut
502 1868 680 1938 personam
695 1842 826 1913 directi.
842 1848 951 1914 Porro
970 1843 1107 1938 qnando
1127 1845 1233 1939 priori
1248 1845 1353 1914 modo

225 1960 398 2048 decernit,
424 1959 492 2026 vim
522 1956 604 2053 legis
632 1957 830 2027 universalis
857 1958 1054 2052 hujusmodi
1081 1958 1216 2028 decreto
1247 1959 1354 2030 inesse

226 2076 342 2170 negari
360 2099 428 2142 non
444 2088 566 2168 potest.
588 2077 684 2160 Natu,
709 2099 748 2141 ex
766 2075 935 2168 superiori
955 2075 1199 2168 propositione,
1211 2074 1353 2170 jurisdi-

226 2191 372 2260 ctionem
404 2189 626 2258 universalem
651 2189 778 2258 babet:
804 2190 863 2283 qui
892 2203 1003 2258 autern
1033 2188 1091 2259 tali
1116 2190 1354 2282 jurisdictione

226 2306 368 2399 potitur,
394 2304 500 2400 legem
521 2303 744 2374 universalem
771 2304 883 2390 edicit,
906 2304 971 2374 hoc
999 2305 1072 2397 ipso
1101 2306 1193 2398 quod
1224 2303 1354 2399 aliquid

226 2419 462 2490 universaliter
480 2419 732 2488 observandum
757 2421 940 2513 praecipiat.
965 2422 1036 2490 Nec
1068 2419 1201 2492 dicatur
1218 2423 1354 2491 evenire

226 2562 336 2630 posse,
356 2551 394 2603 ut
413 2535 628 2629 congregatio
644 2534 677 2600 in
698 2533 840 2602 decretis
861 2536 930 2603 suis
948 2533 1161 2630 generalibus
1181 2539 1354 2630 potestatis

226 2651 289 2720 sibi
314 2675 332 2718 a
358 2650 436 2719 sede
466 2647 660 2743 Apostolica
684 2651 868 2720 commissae
889 2649 1009 2718 limites
1037 2651 1353 2746 praetergrediatur:

226 2764 422 2858 hujusmodi
442 2766 531 2833 enim
550 2764 683 2833 decreta
704 2766 839 2835 nonnisi
863 2766 997 2836 conscio
1013 2781 1047 2834 et
1065 2768 1269 2837 assentiente
1283 2769 1352 2838 Ro·

227 2904 328 2948 mano
349 2878 514 2948 Pontifiee
539 2879 672 2949 emittit.
701 2883 792 2975 Ergo
814 2881 902 2950 dicta
928 2880 1100 2975 generalia
1129 2880 1266 2954 decreta
1292 2907 1352 2978 pro

226 2997 312 3064 reris
334 2994 465 3090 legibus
496 2996 735 3066 conscientiam
761 2993 990 3092 obligantibus
1021 2997 1162 3068 omuino
1186 3013 1266 3068 sunt
1296 2999 1351 3068 lra-

224 3111 348 3180 benda.
368 3111 471 3198 Quod
494 3112 699 3204 caeteroquin
715 3109 897 3182 declaravit
915 3111 987 3204 ipsa
1005 3115 1258 3206 (longi-egetis:
1276 3137 1353 3182 nam

225 3223 268 3294 ad
284 3224 445 3313 dubium,
468 3254 485 3288 a
500 3230 555 3295 An
575 3224 709 3294 decreta
730 3251 903 3295 sacrorum
932 3228 1058 3296 rituum
1077 3231 1353 3324 Congregationis

229 3340 346 3410 udum
382 3341 552 3428 eduntur,
582 3341 748 3438 derogent
777 3343 981 3436 cuicumque
1011 3345 1189 3414 contrarie
1217 3345 1353 3414 invectae

228 3457 498 3527 «consuetudini
521 3457 621 3526 etiam
647 3455 926 3546 immemorabili,
941 3472 975 3526 et
995 3457 1030 3526 in
1050 3482 1128 3528 casu
1149 3458 1352 3533 affirmativo

228 3601 247 3639 a
262 3572 416 3663 obligent
428 3574 530 3642 etiam
548 3571 661 3666 quoad
682 3573 946 3642 conscientiam?
960 3611 1007 3626 -
1026 3577 1128 3644 Sacra
1156 3577 1351 3670 Congrege-

228 3714 246 3758 (t
263 3691 349 3759 tio...
370 3687 644 3783 respondendum
661 3688 791 3756 censuit
809 3714 818 3758 ε
834 3685 1070 3783 Affirmatr're‚
1092 3688 1158 3760 secl
1174 3715 1352 3760 recurrera-

228 3831 247 3868 α
263 3801 348 3872 dum
373 3805 411 3871 in
424 3799 646 3897 panicrehrrr'.
673 3802 739 3870 Die
767 3826 805 3872 11
831 3804 1033 3899 septembris
1063 3803 1171 3901 1847.
1195 3833 1212 3870 a
1239 3803 1352 3900 (Apud

226 3918 427 4004 Gardellini,
447 3943 480 3986 n.
494 3920 605 4013 4941,
624 3915 667 3985 ad
690 3915 761 4015 16.)
1398 3929 1404 3940 ’

274 4033 465 4128 Propositio
489 4031 537 4103 3¹.
567 4035 686 4104 Etiam
702 4032 844 4106 decreta
863 4039 1103 4135 particularia
1125 4063 1239 4110 sacrae
1265 4042 1352 4110 cou-

221 4149 443 4248 gregationis
457 4154 587 4219 rituum
607 4175 675 4246 pro
701 4149 821 4249 regulo
842 4151 1001 4250 legitima
1022 4152 1069 4222 ab
1096 4151 1258 4225 ominbus
1288 4151 1353 4221 lin-

225 4263 339 4336 banda
352 4282 446 4353 siant,
457 4264 559 4338 modo
571 4291 690 4337 eorum
699 4266 1007 4341 aeutenn'citatem
1021 4285 1115 4342 certo
1124 4282 1352 4367 cognoscunt,
1471 4339 1472 4364 ,

225 4382 259 4452 ei
277 4380 381 4452 niodo
398 4383 665 4454 mattaratium
687 4398 750 4454 aut
763 4385 1027 4458 ctirwustontia
1044 4411 1123 4484 quae
1142 4383 1294 4456 suadeat
1311 4405 1352 4456 ca
1471 4367 1472 4398 l
