3018 5070
249 326 296 399 36
704 347 914 397 anscausus

246 477 401 550 ecclesias
411 473 646 572 inprofitendo
655 472 769 568 aliquo
777 473 933 569 dogmate
941 477 1249 574 errare3sedneq'ue
1258 499 1373 577 potest

245 591 432 663 istiusmodi
450 615 544 660 error
552 587 734 658 Ecclesiam
751 593 939 660 Romanam
949 590 1049 660 simul
1059 616 1137 662 cum
1155 595 1270 666 multis
1278 597 1369 689 aliis,

245 709 280 778 id
301 704 663 795 est,universalitatem
681 704 895 776 ecclesiarum
908 708 1089 779 moraliter
1101 727 1294 806 sumptam,
1316 714 1372 785 iu·

243 827 375 898 vadere.
387 825 422 893 Si
435 825 526 892 enim
540 847 662 918 sponsa
673 822 802 892 Christi
816 823 850 892 in
860 826 971 919 capite
981 826 1081 895 simul
1095 843 1130 898 et
1139 828 1255 898 multis
1264 857 1371 901 mem·

242 943 314 1011 bris
332 954 444 1037 posset
465 938 627 1008 maculari
640 952 707 1006 eta
726 952 818 1007 recta
835 939 901 1008 fide
915 939 1067 1029 deficere,
1073 943 1144 1036 jam
1154 942 1274 1014 falsum
1285 964 1371 1020 esset

243 1081 316 1127 eam
333 1081 403 1125 esse
421 1051 631 1124 infallibilem
646 1068 679 1122 et
696 1068 813 1147 portas
824 1054 923 1124 inferi
934 1071 1051 1128 contra
1068 1058 1175 1153 ipsam
1188 1061 1371 1154 praevalere

144 1176 147 1180 ’
243 1198 314 1242 non
333 1195 441 1266 posse.

291 1293 375 1359 ltem
398 1289 425 1356 si
450 1287 589 1356 seorsim
613 1285 846 1355 consideretur
869 1291 1022 1359 Romana
1040 1289 1201 1379 Ecclesia,
1226 1317 1306 1363 cum
1324 1295 1371 1365 sit

181 1431 193 1446 “
242 1418 346 1500 caput
364 1402 468 1471 totius
478 1401 629 1494 corporis
638 1399 780 1488 Christi,
795 1399 1078 1498 ecclesiarumque
1095 1407 1249 1477 omnium
1261 1425 1370 1480 mater

241 1535 277 1590 et
287 1519 461 1612 magistra,
477 1514 618 1584 dicenda
629 1513 731 1583 etiam
744 1529 794 1584 est
807 1541 874 1584 non
887 1519 1031 1611 possein
1047 1521 1238 1613 profitendo
1252 1521 1369 1618 aliquo

241 1634 400 1728 dogmate
417 1653 542 1700 errare.
560 1630 651 1717 Quia
661 1629 812 1723 alioquin
823 1631 895 1726 ipsa
907 1631 1056 1726 Ecclesia
1075 1635 1253 1728 catholica,
1270 1638 1369 1732 cujus

241 1763 292 1817 est
321 1760 434 1841 caput,
452 1745 575 1814 erroris
598 1758 685 1813 essct
710 1743 948 1816 insimulanda.
966 1751 1057 1842 Ergo
1080 1751 1107 1817 si
1130 1749 1207 1820 ideo
1231 1751 1369 1848 liturgia

240 1859 439 1932 universalis
456 1860 499 1928 sit
508 1859 666 1954 probatio
676 1857 884 1954 dogmatum,
896 1861 989 1955 quod
1002 1880 1171 1958 repugnet
1183 1864 1368 1938 Ecclesiam

237 1974 465 2047 universalem
487 1976 522 2042 in
553 1973 747 2069 profitendo
766 1973 881 2068 aliquo
900 1975 1059 2071 dogmate
1074 2003 1199 2068 errare,
1226 1980 1367 2077 liturgia

238 2095 391 2162 Romana
404 2089 530 2184 pariter
547 2087 706 2181 dogmata
722 2088 979 2177 demonstrabit,
994 2115 1071 2159 cum
1081 2095 1182 2162 ctiam
1199 2111 1367 2191 repugnet

239 2206 329 2302 apud
337 2204 519 2274 Ecclesiam
534 2207 722 2272 Romanam
733 2207 867 2274 erronei
884 2204 1026 2300 alicujus
1046 2206 1212 2302 dogmatis
1231 2209 1367 2302 publica

238 2321 414 2417 professio.
449 2315 544 2386 Adde
569 2315 742 2410 liturgiam
763 2322 924 2388 Romanae
945 2319 1104 2390 Ecclesia
1120 2347 1192 2392 esse
1214 2324 1255 2394 de
1276 2325 1366 2397 facto

236 2435 408 2528 liturgiam
432 2428 759 2524 quamplurimarum
784 2431 926 2501 aliarum
950 2434 1186 2525 ecclesiarum3
1201 2439 1292 2509 unde
1315 2467 1366 2510 er-

237 2552 325 2621 roris
344 2547 506 2643 professio
521 2545 613 2639 apud
629 2545 721 2614 illam
735 2545 921 2638 ecclesiam,
941 2550 983 2619 de
992 2551 1082 2622 facto
1096 2552 1195 2622 simul
1212 2555 1366 2627 inficeret

237 2664 453 2736 ecclesiarum
467 2658 639 2729 moraliter
655 2681 822 2759 sumptam
842 2666 1138 2738 universalitatem.
1160 2673 1249 2765 Ergo
1273 2673 1367 2766 prin-

237 2783 363 2876 cipium
378 2802 446 2871 quo
462 2777 620 2844 nituntur
634 2782 749 2849 Patres
760 2795 794 2849 et
804 2781 958 2852 doctores
971 2783 1014 2851 ad
1032 2783 1251 2854 tribuendum
1269 2785 1365 2856 litur-

237 2898 299 2992 giae
318 2889 496 2963 universali
518 2889 663 2961 valorem
680 2894 923 2989 dogmaticum,
936 2911 1034 2992 urget
1046 2897 1090 2965 ad
1102 2899 1259 2968 cumdem
1271 2900 1366 2970 valo·

237 3035 308 3081 rem
327 3005 548 3077 tribuendum
568 3003 712 3102 liturgiae
731 3014 894 3079 Romanae
913 3011 1051 3079 seorsim
1071 3025 1238 3106 spectatae.

284 3126 477 3219 Propositio
498 3125 545 3194 6¹.
582 3132 643 3196 Ex
678 3124 884 3194 Tridentinae
909 3125 1043 3219 synodo
1070 3143 1210 3198 constat
1242 3129 1364 3201 valere

151 3277 155 3285 ·
237 3249 436 3314 Romanam
472 3242 653 3339 liturgiam
678 3238 729 3308 ad
753 3243 907 3336 rigorose
930 3241 1159 3337 probandam
1174 3247 1362 3316 veritatem

234 3357 454 3457 dogmatum.
476 3397 524 3413 -
542 3357 598 3428 Sic
621 3353 774 3449 loquitur
791 3370 905 3424 sancta
924 3356 1071 3451 synodus
1090 3359 1199 3452 capite
1230 3383 1272 3430 10
1293 3385 1361 3430 ses·

234 3473 337 3542 sionis
347 3487 445 3541 sextae
457 3497 465 3540 :
476 3470 706 3568 Hocjustitiae
724 3473 977 3541 incrementum
987 3474 1080 3567 petit
1096 3488 1223 3543 sancta
1240 3474 1362 3545 Eccle-

233 3591 302 3672 sia,
328 3611 409 3656 cum
425 3602 505 3656 orat
525 3585 591 3655 :da
606 3584 719 3670 nobis,
739 3587 902 3674 Domine,
915 3577 1108 3682 fidei,'spei
1121 3601 1158 3656 ct
1175 3587 1362 3660 alteritatis

232 3717 472 3802 augmentum.
491 3706 598 3771 Porro
616 3726 657 3769 ex
676 3697 734 3768 illo
754 3715 848 3771 textu
862 3703 910 3772 sic
930 3704 1160 3797 argumentari
1177 3695 1255 3772 licet
1269 3731 1277 3772 :
1289 3730 1363 3798 pre·

233 3817 321 3888 catio
338 3820 452 3906 citata,
466 3821 527 3884 Da
541 3813 655 3900 nobis,
675 3817 838 3906 Domine,
851 3832 990 3903 ete.,est
1002 3815 1140 3887 collecta
1149 3817 1290 3888 missalis
1303 3845 1360 3888 ro-

229 3933 323 4001 mani
340 3929 518 4000 dominicae
537 3928 579 4001 13
592 3943 671 4026 post
687 3930 1117 4002 Pentecosten.Collectam
1135 3948 1249 4003 autem
1263 3932 1361 4004 illam

231 4047 313 4117 dicit
341 4061 455 4117 sancta
479 4046 627 4142 synodus
657 4071 728 4117 esse
752 4048 945 4117 orationem
967 4046 1154 4133 Ecclesiam
1177 4048 1242 4118 hoc
1267 4049 1359 4120 enim

232 4161 473 4257 aequivalenter
491 4162 686 4257 exprimunt
701 4163 803 4233 verba
818 4163 898 4231 ista:
912 4167 986 4233 Hoc
991 4168 1085 4258 petit
1092 4162 1264 4255 Ecclesia,
1278 4187 1358 4234 cum

233 4293 313 4348 orat
327 4275 396 4346 :da
407 4275 519 4367 nobas,
529 4279 691 4366 Domine,
705 4293 768 4347 ete.
778 4277 1070 4370 ErgoTridentina
1081 4278 1228 4374 synodus
1234 4303 1358 4372 suppo·

234 4393 286 4461 nit
310 4393 481 4464 orationes
503 4393 537 4464 in
564 4391 703 4488 liturgia
723 4397 876 4463 Romana
902 4417 1073 4488 expressas
1095 4417 1165 4464 esse
1183 4394 1359 4490 ipsiusmet
