2940 5072
450 392 496 437 oa
520 393 610 439 snus
630 389 837 440 urruucrco.
1132 365 1210 440 235

83 548 100 582 «
115 541 252 587 manum
276 534 489 613 receperunt.
518 521 589 590 Nec
612 517 671 590 alii
697 519 819 588 desunt
840 531 997 588 auctores
1014 518 1076 612 qui
1103 542 1202 588 tuum

81 631 363 728 «particularium
387 634 643 723 breviariorum,
672 649 707 702 et
729 633 786 727 jus
815 630 911 704 illtuu
939 633 1111 704 statuendi
1140 658 1218 726 pro

81 778 97 811 r
111 750 181 817 uris
201 748 349 818 ecclesiis
369 749 565 844 adjudicant
591 747 659 818 illis
677 748 865 844 Episcopis,
887 748 1090 840 inquorum
1116 747 1203 818 dice·

79 865 239 935 «ossibus
262 863 363 934 bullae
392 869 623 935 Romanorum
650 863 855 934 Pontificum
889 863 1093 934 breviarium
1123 889 1201 934 cor·

80 1009 96 1042 u
109 996 240 1050 rectum
261 979 495 1076 praefinientes,
518 981 703 1050 scientibus
723 993 760 1048 ct
780 977 1004 1048 tolerantibus
1024 980 1103 1072 ipsis
1126 985 1203 1050 Ro·-

81 1097 221 1166 «manis
238 1095 475 1185 Pontificibus,
497 1111 641 1191 receptu
657 1121 726 1164 uou
745 1109 838 1183 sint,
853 1119 980 1188 suaque
1004 1097 1204 1166 executione

79 1241 94 1275 r
107 1227 294 1281 caruerunt
309 1210 512 1307 (Baldcllus,
531 1210 729 1308 Theologe'ae
742 1209 891 1280 ruoralis
908 1224 995 1280 tom.
1012 1213 1055 1297 ll,
1071 1209 1128 1278 lib.
1145 1236 1203 1293 ru,

79 1326 240 1420 «disput.
260 1351 318 1422 29,
338 1352 372 1395 u.
389 1323 437 1420 3).
459 1331 578 1415 Porro,
597 1351 639 1395 au
652 1325 726 1395 lraec
740 1324 926 1412 sufficiant,
949 1323 1093 1394 aliorum
1107 1323 1204 1419 judiss

80 1471 94 1504 r
107 1441 201 1510 cium
221 1441 275 1510 sit.
298 1471 315 1506 s
335 1439 550 1536 (Bemdictus
563 1444 647 1512 XIV
670 1439 714 1508 de
729 1463 905 1509 servorum
922 1439 988 1508 Dei
1005 1432 1152 1510 beatific.
1169 1455 1202 1509 rt

78 1556 348 1646 canonizatione,
366 1553 426 1627 lib.
449 1583 500 1646 rv,
518 1571 604 1650 part.
622 1579 661 1645 u,
676 1579 752 1650 cap.
773 1553 842 1648 13.)

122 1673 252 1740 XXXI.
278 1673 452 1741 Doctrina
465 1697 578 1742 sacras
600 1671 888 1769 Congregationt's
901 1669 1043 1740 concilii
1055 1695 1066 1737 .·

122 1784 243 1853 Refert
260 1786 424 1855 Zamboui
442 1812 460 1854 a
483 1786 572 1856 diota
587 1787 860 1880 Congrcgatiouc
875 1784 981 1855 fuisso
993 1782 1203 1854 declarattun

75 1901 141 1970 boc
159 1901 263 1971 modo
281 1927 289 1970 :
310 1931 328 1967 r
348 1907 418 1972 Eos
438 1903 498 1997 qui
517 1902 560 1971 arl
579 1902 731 1972 officium
753 1901 905 1970 diuinum
925 1901 1134 1970 recitandum
1155 1915 1206 1969 te-

76 2044 92 2078 r
106 2030 244 2101 nentur,
266 2041 335 2085 nou
363 2016 463 2086 aliter
489 2017 570 2086 buic
600 2017 732 2086 muneri
760 2015 965 2104 satisfacere,
991 2039 1094 2108 quam
1113 2015 1142 2084 si
1160 2040 1204 2086 ox

75 2159 91 2192 a
107 2130 267 2200 breviarii
300 2133 459 2214 Rornaui,
476 2131 573 2224 juxta
600 2133 688 2200 sacri
713 2129 848 2200 concilii
868 2129 1062 2200 Tridentini
1082 2128 1203 2198 decre·

76 2273 91 2307 «
108 2259 214 2312 tuma
234 2245 398 2314 Pontifice
416 2247 563 2316 maximo
580 2251 614 2317 S.
638 2247 746 2317 PioV
766 2244 928 2332 restituti,
953 2241 1098 2313 formula
1117 2241 1202 2312 illud
1324 2309 1326 2314 ,
1404 2260 1408 2268 “

75 2389 92 2423 a
109 2359 347 2450 recitaverint3
362 2361 406 2430 ad
424 2361 525 2456 idque
541 2387 640 2458 posse
655 2359 833 2456 compelli:
852 2359 918 2430 uisi
935 2385 955 2430 a
974 2359 1083 2454 prima
1103 2359 1205 2428 iusti-

74 2503 91 2537 α
110 2473 244 2541 tutione
262 2499 324 2568 per
341 2473 454 2544 sedern
470 2473 698 2570 Apostolicaru
724 2474 922 2571 approbata,
947 2472 1000 2542 vel
1023 2487 1204 2542 cousuetu-

74 2589 188 2657 ‹rdiuc
221 2613 315 2682 quse,
348 2588 398 2658 vel
433 2591 505 2683 ipsa
531 2591 722 2680 institutio,
759 2590 925 2660 ducentos
964 2613 1074 2660 anuos
1103 2604 1200 2660 ante·

74 2734 90 2767 a
103 2703 250 2790 eederet,
268 2702 343 2773 aliis
359 2707 462 2774 certis
476 2706 651 2776 breviariis
665 2731 747 2776 usos
756 2707 859 2777 fuisse
873 2706 1073 2790 constiterit,
1085 2729 1205 2798 quotu·

73 2817 292 2888 «admodum
325 2820 473 2913 ejusdem
503 2805 539 2891 S.
570 2822 621 2890 Pii
645 2822 889 2892 constitutione
906 2833 1046 2898 cavetur
1074 2821 1205 2890 :Sues-

73 2963 91 3000 ιι
106 2934 274 3004 sionensis
298 2932 340 3003 16
366 2936 566 3029 septembris
591 2934 695 3023 1662,
714 2935 802 3008 dub.
827 2959 883 3030 ¹7·
903 2965 921 3002 i
941 2935 996 3029 (Τ.
1018 2937 1049 3019 1,
1065 2959 1098 3026 p.
1116 2932 1205 3029 349,

72 3049 156 3118 edit
170 3047 312 3118 Viennae
335 3048 453 3142 alirn.)

122 3166 289 3234 Putamus
305 3189 346 3232 ex
359 3163 417 3233 illa
436 3164 634 3235 citationum
652 3164 739 3234 serie
753 3187 851 3256 posse
866 3159 1027 3232 tectorem
1040 3161 1203 3255 introspi-

71 3303 165 3364 cere,
190 3303 345 3371 quaenatn
374 3279 478 3348 fuerit
501 3278 693 3348 communis
717 3276 895 3346 doctorum
923 3276 1091 3344 sententia
1110 3275 1203 3344 eirca

66 3394 126 3488 jus
152 3391 345 3486 liturgicum
371 3417 389 3462 a
413 3395 451 3468 S.
474 3393 596 3472 PioV
623 3393 857 3462 constitutum.
884 3393 1051 3460 Caeterum
1082 3389 1204 3482 hujus-

69 3508 167 3580 modi
185 3511 425 3580 auctoritamus
443 3511 562 3582 seriem
586 3511 813 3606 potuissemus
833 3509 870 3578 in
895 3507 1097 3578 immensum
1122 3531 1202 3600 pro·

69 3624 222 3711 trabere,
249 3649 311 3694 nec
328 3622 393 3694 alia
421 3646 524 3718 quam
551 3624 722 3694 brevitatis
749 3647 863 3711 causa,
897 3645 969 3690 carn
999 3618 1204 3708 claudimus,

68 3738 192 3834 paucis
213 3739 303 3808 ister
320 3737 445 3808 multos
466 3765 507 3810 ex
530 3739 630 3808 variis
656 3736 779 3808 scholis
798 3751 832 3808 et
852 3735 1048 3809 nationibus
1069 3735 1105 3804 in
1127 3760 1200 3806 mc·

69 3855 168 3924 <lium
194 3853 348 3926 adductis
365 3855 550 3926 consuistis
575 3871 610 3924 ct
625 3854 802 3950 theologis.
825 3851 930 3943 Quod
955 3865 1068 3922 autem
1093 3850 1200 3945 aliani

72 3971 108 4040 iu
132 3967 260 4039 Gallia·
275 3983 430 4042 auctores
449 3969 546 4040 slitcr
570 3969 625 4062 jus
652 3968 862 4062 liturgicum,
888 3991 931 4036 ex
957 3966 1070 4037 Pianis
1096 3965 1202 4038 bullis

69 4099 203 4172 ortum,
225 4083 450 4155 intellexerint
472 4084 591 4180 (prout
610 4082 807 4153 collationes
824 4080 1055 4178 RupclleuseS,
1075 4082 1199 4171 Collct,

70 4197 274 4280 Grancolas,
305 4203 445 4290 Pontas,
482 4217 517 4272 et
538 4199 696 4271 nonnulli
723 4198 806 4296 alii),
840 4197 875 4268 id
894 4196 979 4268 nihil
1010 4200 1201 4269 communis

69 4312 238 4382 doctrinae
256 4315 451 4384 auctoritati
477 4315 636 4386 detrabit.
663 4315 820 4386 Praedicti
848 4315 939 4385 cuim
965 4327 1121 4384 auctores
1147 4327 1199 4382 sat

69 4443 229 4498 recenter
251 4430 475 4524 scripseruut3
495 4457 535 4502 co
555 4432 681 4502 scilicet
699 4447 852 4528 tempore
874 4455 943 4526 quo
960 4430 1043 4521 jam,
1066 4453 1106 4496 cx
1131 4423 1199 4522 gal·
