3018 5070
236 347 277 394 12
647 330 651 341 ’
690 345 895 393 rnxcrarus

229 472 444 568 aptitudine,
469 487 542 542 tum
569 496 609 540 ex
635 473 830 566 perenniter
852 457 1219 567 ipsi'alligato'gratiae
1243 471 1361 541 incita·
1400 471 1403 476 ’

231 603 365 675 mento,
385 570 514 658 animas
530 587 661 682 jugiter
679 587 722 656 ad
740 585 887 656 coelestia
902 585 1058 656 sollicitet
1076 587 1361 681 vehementerque

232 701 396 798 impellat.
420 703 523 789 Quod
545 727 621 772 cum
636 728 697 796 per
715 727 750 772 se
766 716 884 770 notum
901 703 958 789 sit,
979 700 1210 771 adnotandum
1227 716 1360 771 tantum

233 821 347 917 potius
374 844 477 914 quam
503 819 764 913 probationibus
789 817 995 887 firmandum
1022 817 1190 888 duximus.
1219 819 1361 888 Utinam

232 951 328 1006 tanto
366 934 662 1030 evangelizationis
691 934 919 1004 instrumento
954 935 1070 1002 innata
1104 934 1153 1002 vis
1185 957 1226 1001 ex
1258 934 1360 1000 mini-

232 1062 382 1119 strorum
397 1050 524 1120 Christi
543 1049 669 1118 desidia
689 1047 902 1143 inductisque
919 1073 1004 1142 saepe
1019 1046 1179 1116 abusibus
1190 1071 1258 1114 non
1278 1071 1362 1140 prae·

232 1162 427 1256 pediretur!

232 1297 236 1302 '
281 1282 379 1348 Hanc
400 1293 435 1347 et
461 1278 644 1372 superioris
672 1278 790 1370 capitis
817 1278 960 1364 thesim,
988 1276 1129 1346 anobis
1153 1276 1277 1345 cursim
1297 1299 1361 1368 pro
1394 1282 1406 1302 '

233 1415 336 1485 scopo
359 1407 475 1462 nostro
493 1394 696 1487 expositam,
710 1393 750 1460 iis
767 1393 825 1486 qui
841 1417 881 1461 ex
893 1392 1044 1487 professo
1059 1391 1101 1460 de
1119 1405 1188 1459 tota
1208 1415 1245 1459 re
1259 1389 1359 1460 litur-

234 1506 307 1599 gica
336 1506 565 1576 institutiones
594 1507 810 1593 exscribunt,
836 1504 932 1574 factis
957 1505 1126 1574 historicis
1152 1509 1362 1597 Patrumque

234 1621 408 1689 sententiis
433 1618 635 1690 firmandam
665 1635 767 1714 atque
793 1617 1030 1688 illustrandam
1060 1601 1294 1712 relinquimus.
1317 1623 1361 1688 Et

234 1747 326 1801 certe
351 1734 535 1828 praecipuas
564 1749 677 1829 partes
702 1736 736 1802 in
763 1734 999 1804 convertendis
1029 1748 1131 1828 atque
1161 1732 1367 1819 edocendis,

234 1845 390 1917 barbaris
404 1849 608 1942 praesertim,
625 1846 776 1944 populis,
795 1848 969 1945 liturgiam
986 1851 1110 1944 egisse,
1124 1848 1271 1932 historiae
1287 1873 1362 1918 mo·

232 1962 405 2029 numentis
422 1961 518 2032 facile
533 1963 661 2032 ostendi
682 1977 805 2056 potest.

283 2075 409 2144 Merito
428 2100 510 2172 ergo
530 2078 760 2147 sanctificandi
784 2091 820 2149 et
847 2077 1101 2173 evangelizandi
1122 2075 1266 2171 liturgiae
1292 2077 1360 2145 vim

236 2189 350 2262 Sixtus
363 2191 396 2259 V
410 2191 577 2284 praeclaris
591 2192 682 2262 hisce
700 2193 811 2261 verbis
826 2193 1037 2288 exprimebat
1052 2219 1061 2261 :
1077 2221 1094 2257 a
1109 2194 1195 2262 Cum
1214 2191 1300 2260 sacri
1316 2191 1360 2258 ri-

235 2332 252 2366 «
272 2315 326 2372 tus
338 2317 372 2374 et
385 2308 604 2391 caeremoniae,
621 2307 745 2401 quibus
759 2306 908 2377 Ecclesia
923 2331 941 2374 a
954 2306 1084 2402 Spiritu
1099 2319 1217 2375 sancto
1231 2305 1362 2392 edocta,

236 2445 252 2481 a
272 2443 313 2486 ex
329 2417 513 2512 apostolica
530 2420 712 2490 traditione
729 2436 762 2490 et
780 2420 958 2514 disciplina
978 2421 1100 2511 utitur,
1118 2422 1154 2488 in
1173 2443 1362 2488 sacramen-

235 2559 252 2594 «
271 2547 385 2600 torum
413 2532 716 2623 administratione,
738 2535 860 2604 divinis
889 2533 1028 2621 officiis,
1050 2535 1212 2627 omnique
1237 2534 1301 2602 Dei
1328 2547 1363 2602 et

235 2675 252 2710 a
271 2661 466 2717 sanctorum
484 2649 713 2738 veneratione,
734 2673 892 2744 magnam
915 2650 1089 2719 christiani
1110 2647 1227 2744 populi
1247 2631 1362 2717 erudi·

236 2789 253 2825 a
272 2762 412 2853 tionem,
435 2788 587 2858 veraeque
610 2763 689 2834 fidei
716 2766 999 2860 protestationem
1024 2765 1230 2849 contineant,
1247 2787 1362 2834 rerum

236 2901 443 2949 «sacrarum
470 2879 679 2972 majestatem
709 2879 959 2968 commendent,
985 2877 1135 2947 fidelium
1164 2893 1293 2948 mentes
1318 2876 1362 2948 ad

236 3020 252 3056 «
272 3018 386 3063 rerum
406 2993 644 3064 altissimarum
663 2994 917 3065 meditationem
938 2991 1131 3083 sustollant,
1156 3007 1189 3062 et
1209 2992 1360 3062 devotio·

237 3135 253 3169 a
272 3108 326 3175 nis
348 3131 403 3176 eas
425 3107 503 3201 igne
520 3107 771 3180 inflamment...
788 3137 805 3174 u
824 3106 936 3202 (Bulla
955 3111 1153 3199 Immensu,
1174 3105 1363 3177 Bullarium

238 3224 441 3310 Romanum,
462 3221 566 3290 editio
587 3221 820 3315 Cocquelines,
833 3235 915 3290 tom.
931 3224 992 3312 IV,
1013 3247 1092 3317 pars
1114 3225 1148 3308 Δ,
1162 3246 1241 3315 pag.
1263 3218 1361 3317 395).

236 3337 277 3403 In
301 3360 370 3429 quo
394 3350 488 3406 textu
515 3334 665 3405 notanda
691 3336 859 3432 praecipue
889 3350 969 3404 sunt
991 3359 1030 3404 ea
1056 3334 1171 3420 verba,
1198 3357 1363 3430 veraeque

230 3445 321 3536 fidei
333 3451 622 3544 protestationem
639 3446 860 3539 'contineant
880 3450 1004 3544 quibus
1022 3447 1087 3519 alia
1108 3449 1308 3543 exprimitur
1325 3446 1363 3516 li·

237 3563 358 3656 turgiae
380 3565 582 3657 proprietas,
604 3566 638 3632 in
664 3564 816 3659 sequenti
835 3566 944 3659 capite
966 3564 1041 3634 fuse
1060 3563 1248 3659 probanda,
1272 3560 1363 3657 quod

238 3676 282 3744 sit
300 3685 421 3771 nempe
438 3676 642 3772 dogmatica.

676 3925 823 3996 CAPUT
849 3927 927 3995 Vll.

469 4153 516 4199 DE
541 4153 680 4200 VALORE
704 4151 918 4200 DOGMATICO
940 4153 1131 4201 LITURGIAE.

289 4356 418 4426 Summi
436 4358 599 4427 momenti
618 4372 667 4426 est
685 4360 826 4454 quaestio
842 4359 910 4451 illa,
930 4374 1047 4429 utrum
1069 4357 1207 4452 liturgia
1220 4356 1262 4426 sit
1280 4377 1365 4425 nec-
