3018 5070
218 345 242 439 β
676 370 883 434 rntcrnrus
965 421 967 428 ,

217 490 330 584 ficatio
350 490 556 582 extenditur.
586 493 627 560 In
645 491 849 576 cultueuim
871 507 1010 564 externo
1035 493 1195 588 distingui
1219 489 1344 562 debent

217 607 457 700 aetusprivati,
471 620 506 674 et
521 619 619 676 actus
637 606 775 676 sociales
797 633 855 678 seu
871 608 1010 704 publici.
1038 609 1074 679 Si
1092 608 1167 700 quis
1187 606 1344 702 privatim

215 719 404 814 Deilaudes
417 735 530 812 canat,
547 722 837 816 genuflexionibus
856 723 908 792 vel
929 723 1210 819 prostrationibus
1219 745 1345 791 numen

216 836 347 928 adoret,
369 834 485 906 aliisve
513 835 708 930 hujusmodi
739 837 911 933 religionis
945 839 1103 934 praxibus
1139 852 1245 926 vacet,
1275 859 1346 914 uon

218 951 355 1045 quidem
363 952 461 1044 juxta
478 978 632 1020 normam
646 951 746 1047 alege
756 952 807 1022 vel
823 955 1068 1023 consuetudine
1080 966 1222 1047 protota
1233 950 1346 1046 alique

218 1067 462 1136 communitate
490 1065 644 1160 religiosa
675 1069 915 1163 praescriptam,
942 1068 1000 1137 sed
1025 1068 1122 1160 juxta
1147 1065 1345 1136 methodum
1450 1141 1453 1145 ,

219 1205 322 1273 quam
344 1182 413 1274 ipsc
431 1181 494 1248 sibi
512 1181 548 1248 in
569 1205 785 1272 usumgsuum
802 1183 974 1275 privatum
990 1181 1119 1250 invenit
1133 1196 1166 1248 et
1186 1180 1346 1250 determi-

219 1295 324 1381 navit,
352 1295 375 1361 ii
394 1275 508 1380 actus,
525 1293 602 1363 licet
619 1295 662 1362 ad
684 1311 862 1364 externum
883 1295 1012 1365 cultum
1040 1296 1259 1389 pertinenter,
1284 1293 1346 1363 sub

219 1407 365 1502 liturgiae
388 1407 612 1503 appellatione
643 1434 712 1480 nou
736 1410 1086 1504 comprehenduntur.
1115 1413 1192 1480 Vox
1219 1410 1347 1504 quippe

220 1520 291 1611 illa,
308 1547 349 1590 ex
367 1522 568 1616 generaliter
590 1540 724 1618 recepto
742 1550 818 1614 usu,
836 1526 1000 1621 supponit
1014 1540 1117 1619 atque
1132 1523 1274 1594 involvit
1296 1524 1347 1592 in·

219 1638 430 1717 stitutionem
460 1637 608 1734 aliquam
645 1638 822 1726 socialem,
855 1639 1036 1733 quamdam
1073 1639 1201 1710 scilicet
1233 1636 1347 1720 ¹cultus

221 1737 351 1821 externi
369 1777 536 1840 normam,
556 1779 596 1824 ex
615 1753 686 1850 lege
700 1753 750 1824 vel
771 1755 1059 1830 consuetudinem
1073 1769 1142 1824 tota
1161 1753 1275 1848 aliqua
1289 1753 1349 1848 ho7

222 1868 353 1937 minum
365 1867 520 1962 religiosa
535 1871 691 1938 societate
708 1870 915 1939 obtinentem
932 1884 967 1940 et
977 1871 1255 1942 servarisolitam.
1268 1873 1349 1942 Non

222 2007 304 2078 ergo
325 1981 468 2076 quilibet
492 1998 650 2054 externus
673 1981 798 2072 cultus,
825 1984 883 2054 sed
910 1983 964 2054 ille
987 1999 1120 2054 tantum
1137 1987 1196 2082 qui
1215 1983 1348 2054 suculis

222 2113 284 2185 est,
298 2113 453 2168 censetur
470 2114 504 2167 et
521 2099 647 2168 dicitur
668 2098 860 2196 liturgicus.
884 2103 935 2168 Ex
955 2125 1024 2194 quo
1046 2101 1199 2196 sequitur
1217 2101 1347 2195 praxim

222 2211 371 2309 aliquam
386 2215 515 2284 externi
531 2213 641 2284 cultus
658 2215 701 2283 ad
725 2213 898 2308 liturgiam
917 2240 986 2284 non
1003 2216 1173 2310 pertinere
1191 2215 1256 2284 nisi
1275 2239 1349 2284 earu

222 2330 415 2426 praescribat
426 2343 459 2398 et
474 2328 676 2400 determinet
684 2328 791 2398 codex
802 2327 854 2398 vel
871 2328 1097 2420 consuetudo,
1108 2328 1232 2422 quibus
1242 2342 1350 2398 exten

224 2470 287 2514 nus
300 2443 412 2512 cultus
427 2444 518 2540 apud
535 2443 724 2540 religiosam
741 2443 888 2538 aliquam
905 2444 1098 2513 societatem
1114 2443 1258 2536 regitur.

274 2554 310 2628 5⁰
335 2557 527 2627 Dicendum
545 2582 639 2653 ergo,
661 2582 701 2626 ex
721 2583 785 2626 usu
802 2555 948 2651 generali
966 2558 1038 2652 jam
1060 2583 1079 2626 a
1100 2555 1349 2628 multissaeculis

222 2671 369 2774 vigente,
388 2672 433 2739 ita
456 2671 718 2740 determinatum
735 2670 838 2742 luisse
853 2696 987 2740 sensum
1013 2672 1104 2754 vocis
1124 2671 1290 2774 liturgiae,
1311 2686 1351 2740 ut

223 2784 321 2857 solas
339 2785 452 2854 cultus
465 2787 606 2856 externi
624 2783 768 2855 socialis
779 2809 918 2880 praees
932 2785 1108 2878 exprimat.

186 2923 189 2928 ·
274 2899 315 2970 6⁰
341 2899 532 3002 Dicendum
558 2902 710 2996 insuper,
745 2925 785 2967 ex
804 2899 922 2968 eodem
954 2914 1090 2992 recepto
1118 2923 1195 2986 usu,
1228 2924 1351 2970 omnes

226 3015 306 3085 dicti
330 3013 441 3084 cultus
463 3039 582 3109 praxes
604 3015 665 3083 sub
684 3012 828 3106 liturgiae
847 3009 1072 3106 appellatione
1099 3013 1351 3107 comprehendi.

225 3133 300 3198 Hoc
311 3129 382 3223 ipso
400 3125 626 3222 scilicetquod
638 3126 766 3220 aliquid
778 3127 844 3196 dici
853 3125 960 3222 possit
976 3126 1088 3221 praxis
1102 3123 1212 3196 cultus
1223 3127 1351 3197 externi

226 3243 317 3342 apud
332 3245 479 3340 aliquam
496 3245 687 3313 societatem
708 3244 894 3329 constituti,
913 3243 1119 3314 censendum
1136 3260 1185 3313 est
1203 3243 1245 3313 ad
1258 3231 1353 3314 liturss

228 3363 317 3457 giam
342 3358 523 3455 pertinere.
548 3357 728 3450 Quidquid
747 3356 836 3426 enim
864 3353 929 3426 dici
955 3373 1066 3453 potest
1085 3357 1196 3428 cultus
1222 3347 1352 3428 externi

227 3475 358 3548 socialis
382 3477 504 3571 praxis,
528 3490 671 3563 constat,
691 3472 743 3544 vel
758 3473 862 3544 rebus
876 3473 959 3568 (sive
978 3473 1134 3545 animatis
1153 3475 1221 3543 sive
1242 3475 1353 3546 inani÷

108 3685 112 3690 Ι
227 3593 339 3681 Ιιηῑιῑῐε,
356 3590 472 3686 quales
491 3606 587 3660 erant
607 3593 640 3658 in
660 3591 797 3684 antiqua
812 3589 884 3686 lege
900 3587 1055 3675 victimae,
1063 3589 1192 3680 altaria,
1210 3591 1352 3687 thymia7

227 3722 333 3794 mata,
356 3702 555 3775 candelabra
575 3721 607 3774 et
631 3703 847 3798 hujusmodi;
875 3707 961 3776 etin
982 3733 1068 3776 nova
1089 3705 1162 3800 lege
1180 3690 1354 3772 sacrosan:

229 3835 437 3914 ctumatque
462 3819 672 3889 adorandum
701 3819 920 3891 Eucharistiae
951 3835 1208 3908 sacramentum,
1237 3800 1353 3889 cereus

229 3935 407 4032 paschalis,
431 3935 575 4005 materiae
601 3953 902 4024 sacramentorum,
920 3951 952 4004 et
971 3933 1035 4004 alia
1059 3933 1350 4030 quamplurima),

229 4051 281 4122 vel
295 4050 417 4121 verbm
429 4050 563 4148 (nempe
578 4077 596 4120 e
615 4054 717 4121 saeris
730 4053 860 4148 paginis
880 4067 939 4120 aut
958 4049 1096 4120 aliunde
1114 4041 1354 4145 depromptis)‘;

229 4165 495 4238 vel'actiont‘hus
510 4163 639 4262 (quales
657 4180 737 4235 sunt
749 4191 781 4234 v.
799 4190 831 4257 g.
846 4161 1351 4258 signacrucis,irrsulllationes,
1392 4219 1395 4226 .

230 4281 493 4376 genuflexiones,
515 4296 645 4370 naritus,
663 4283 966 4348 instrumentorum
982 4280 1123 4366 sonituS,
1137 4275 1232 4372 etc).
1248 4283 1354 4382 Porro

231 4391 343 4466 nullus
360 4414 409 4466 est
428 4397 572 4492 scriptor
592 4395 632 4464 de
647 4421 683 4464 re
698 4391 857 4489 liturgica
879 4393 1055 4492 disserens,
1071 4392 1131 4487 qui
1149 4393 1219 4464 haec
1241 4392 1355 4480 omnip
