3004 5070
483 383 531 428 on
557 383 652 430 susm
668 382 880 432 nrsnxnrco.
1172 357 1253 430 303·

118 545 136 579 «
161 530 258 586 notat
276 511 385 609 gtee‘a
402 511 543 582 verbnm
563 514 677 610 rogo).
693 513 797 600 Quod
821 513 928 608 ungis
949 509 1062 582 lorum
1076 513 1190 583 'liahet
1206 516 1243 584 iu
1351 537 1364 560 ·

120 663 138 696 κ
162 630 337 726 prouentu
352 631 435 723 quia
453 629 611 698 Pontifex
632 628 716 698 dicit
734 628 971 698 honamurtn
987 631 1156 717 Domino,
1182 653 1254 724 prr·

119 779 138 818 u
159 745 252 843 quod
281 745 510 838 interponitur
537 743 722 814 auctoritas
744 743 831 832 Dei,
854 759 888 812 et
911 745 1118 839 exprimitur
1145 748 1244 817 enixa

119 891 138 927 s
158 861 318 932 voluutas
349 873 389 928 nt
421 858 481 928 liat
505 857 598 952 quod
620 859 695 952 ipse
719 855 891 927 hortatur.
918 859 1037 952 quue
1063 862 1246 955 praecipue,

120 1001 140 1044 s
173 979 254 1072 quia
290 975 454 1071 praemisit
492 974 646 1045 Pontifex
680 999 776 1044 suam
815 973 1070 1068 dispositionem
1108 974 1245 1046 directi·
1336 1013 1339 1018 ·

120 1124 138 1158 α
161 1117 235 1162 reru
269 1115 443 1161 sacrmum
477 1089 623 1177 rituum,
658 1095 821 1183 tanquam
853 1089 896 1158 de
927 1089 1068 1159 oratoria
1104 1091 1246 1162 omnino

121 1239 140 1274 a
163 1206 365 1294 neeessarie‚
393 1219 432 1274 ut
460 1219 594 1276 condat
623 1229 664 1274 ex
703 1203 888 1300 prooemio,
921 1218 955 1272 et
985 1203 1030 1273 nd
1067 1221 1246 1276 manuten-

123 1357 138 1386 κ
162 1323 284 1394 endam
305 1323 396 1392 hauc
412 1345 508 1391 suam
529 1320 782 1414 dispositionem
811 1319 942 1388 inducit
969 1319 1095 1390 dictam
1118 1321 1245 1391 exhor-

123 1468 140 1510 «
159 1439 345 1526 tutionem3
367 1461 408 1506 ac
430 1436 573 1531 proinde
590 1447 726 1530 oportet
744 1434 838 1529 quod
854 1433 972 1505 eodem
990 1435 1093 1504 modo
1117 1439 1253 1508 serrari

122 1583 141 1625 u
161 1554 243 1624 relit
260 1553 352 1649 quod
369 1555 466 1647 ponit
485 1552 548 1622 sub
566 1551 826 1638 exhortatione,
843 1575 882 1620 ac
906 1553 1032 1620 seruari
1057 1552 1131 1622 vult
1150 1553 1245 1648 quod

122 1701 140 1735 a
161 1671 334 1766 disponit:
356 1671 495 1739 Certum
510 1683 563 1737 est
583 1682 697 1738 autem
717 1667 810 1761 quod
830 1665 959 1762 obligat
976 1667 1017 1737 ad
1040 1669 1243 1738 servandum

122 1817 139 1852 a
163 1785 255 1880 quod
281 1783 450 1881 disponit;
478 1798 582 1876 atque
605 1783 689 1852 adeo
713 1783 815 1852 etiam
846 1782 939 1876 quod
969 1781 1139 1871 hortatur,
1164 1791 1244 1854 cum

123 1903 229 1971 «hoc
250 1901 295 1970 sit
319 1899 545 1970 necessarium
571 1897 614 1967 ad
642 1898 926 1968 manutenendam
954 1900 1028 1992 ejus
1053 1898 1247 1994 dispositio·

121 2049 138 2083 u
158 2043 250 2088 nem.
274 2047 293 2084 >a

170 2133 210 2202 2⁰
230 2129 481 2227 Obligatorium
506 2153 577 2200 esse
602 2127 724 2198 rituale
747 2125 941 2198 Romanuin
961 2143 1077 2198 tenent
1091 2145 1251 2200 auctores

120 2248 231 2317 multi.
254 2253 327 2318 Jam
348 2245 576 2342 Pignatellum
594 2244 784 2315 citavimus.
807 2242 847 2314 Ei
872 2243 1062 2314 assentiunt
1085 2245 1253 2316 Baruflal·

120 2363 184 2432 dus
202 2362 310 2432 etalii
329 2364 466 2456 abipso
486 2361 628 2448 laudati,
644 2373 680 2429 ut
699 2373 833 2430 constat
853 2383 893 2428 ex
912 2361 1132 2453 sequentibus
1148 2363 1251 2458 hujus

119 2480 268 2548 auctoris
286 2477 420 2547 verbis:

171 2623 190 2659 a
212 2599 263 2664 Ex
285 2594 351 2663 hoc
373 2607 478 2688 patet,
499 2591 621 2662 rituale
640 2596 838 2662 Romanum
856 2591 1006 2686 antiquis
1022 2589 1179 2664 Ecclesiae
1195 2595 1250 2664 in·

123 2737 141 2774 <t
165 2710 293 2780 stitutis
305 2722 339 2777 et
353 2731 526 2778 sacrorum
538 2703 712 2777 ¹<sanonum
728 2707 870 2776 decretis
884 2706 1059 2797 inherere,
1077 2724 1196 2805 utpote
1210 2736 1250 2780 en

123 2853 141 2890 a
163 2826 235 2894 istis
263 2838 499 2919 compactum,
527 2847 571 2894 ne
596 2823 638 2893 ab
666 2822 824 2894 Ecclesia
843 2824 931 2892 veris
950 2825 1077 2894 semitis
1100 2824 1250 2896 declina·

119 2971 138 3007 u
159 2955 238 3010 rent
258 2941 406 3010 ministri
420 2953 454 3008 et
474 2940 694 3009 caeremonia.
714 2967 732 3004 s
747 2937 988 3032 (llaruffaldus
1005 2943 1250 3012 commentaria

115 3057 153 3126 in
173 3051 329 3142 uirtute,
350 3057 404 3124 tit.
426 3079 467 3142 a,
498 3065 541 3124 n⁰
563 3053 617 3150 a.)
637 3083 655 3118 u
674 3055 724 3122 Ex
743 3043 894 3122 verbo...
914 3051 1054 3149 ubique,
1081 3069 1175 3148 patet
1196 3055 1251 3124 in-

117 3201 132 3234 u
155 3170 263 3240 tentio
281 3168 436 3240 Ecclesiae
456 3194 553 3264 quae,
582 3193 644 3264 per
663 3182 831 3264 quantum
862 3169 898 3236 in
922 3191 959 3237 se
977 3183 1048 3260 est,
1076 3161 1190 3240 fideles
1215 3171 1250 3240 in

121 3315 138 3349 a
160 3283 278 3354 iisdem
298 3286 421 3354 ritibus
441 3285 570 3380 ubique
595 3286 772 3381 regionum
812 3283 999 3354 uniformes
1030 3309 1101 3354 esse
1126 3285 1253 3356 deside-

120 3431 139 3467 κ
164 3418 234 3488 rat,
265 3427 304 3472 ac
333 3423 452 3472 ornnes
483 3404 518 3470 in
550 3425 656 3470 unum
693 3404 884 3470 Romanum
915 3397 1020 3470 ritum
1052 3399 1250 3470 coalescere.

121 3546 140 3582 s
161 3510 291 3587 Contra
316 3538 403 3588 vero-⁴
418 3515 625 3612 negligentes
646 3529 681 3584 et
698 3517 812 3584 miuus
834 3513 1052 3584 observantes
1081 3516 1143 3584 lros
1166 3517 1252 3586 ritus

121 3661 139 3696 t<
162 3645 229 3703 stat
250 3631 434 3703 concilium
449 3623 687 3704 Tridentinum
706 3619 818 3700 uerbis
840 3629 1072 3726 sequentihus.
1094 3659 1112 3701 »
1138 3635 1181 3704 Et
1205 3633 1259 3702 ibi*

118 3749 200 3820 citat
219 3739 434 3818 Barull‘aldus
455 3771 559 3844 supra
579 3748 794 3843 descriptum·
807 3746 1044 3817 Tridentinum
1068 3771 1253 3833 canonem,

118 3865 161 3932 St
176 3866 258 3959 quis
279 3861 408 3934 deuerti
428 3878 605 3959 receptos,
629 3877 695 3933 etc.
728 3861 979 3957 (Barufsaldus,
1006 3861 1058 3932 tit.
1080 3889 1120 3952 a,
1141 3861 1181 3932 n⁰
1203 3857 1253 3961 9.)

123 3973 274 4071 «Neque
292 3995 472 4074 praetores,
504 3990 651 4074 quornm
676 3976 904 4074 appellatione
916 3978 1059 4048 renirmt
1079 3981 1253 4077 Episcopi,

122 4123 143 4157 e
164 4091 421 4190 rlrclriepiscopi
437 4109 472 4164 et
484 4093 701 4183 Patriarclrae,
717 4107 860 4189 possunt
873 4108 1012 4164 mertare
1030 4091 1081 4164 vel
1101 4095 1257 4164 introdu-

123 4237 142 4272 α
166 4231 242 4277 cere
257 4229 363 4278 novos
379 4209 465 4280 ritus
482 4208 611 4302 absque
626 4207 873 4303 approbatione
893 4199 995 4278 sacrae
1013 4213 1175 4279 Romame
1189 4211 1260 4278 Eo:

124 4351 144 4388 a
169 4317 289 4412 cleric,
307 4317 477 4394 u't'endem
501 4324 621 4420 sepius
642 4324 861 4412 ‹tanniu-‘et
876 4313 1044 4420 praecipuo
1059 4323 1136 4392 loco
1151 4346 1256 4418 supro

125 4463 150 4504 ιτ
166 4437 314 4534 nllegnto
325 4451 367 4510 es
385 4435 548 4529 barbona,
562 4431 606 4510 de
622 4429 749 4511 Potest.
773 4432 1048 4538 Episcopsa'llcg.
1062 4459 1128 4536 „1⁴7,
1145 4452 1186 4507 n⁰
1198 4437 1227 4512 6
1239 4465 1262 4506 s
