3018 5070
479 368 527 414 ua
550 368 638 416 suan
663 369 869 429 arnuaerco.
1194 353 1236 426 13

111 518 153 564 ne
174 494 377 588 dogmatica.
400 499 446 566 Et
464 497 640 589 quoniam,
657 513 697 568 ut
720 523 824 595 supra
848 499 1096 590 adnotavimus,
1115 529 1237 575 recen-

110 609 236 677 tiorum
260 610 465 702 scriptorum
490 610 647 681 nonnulli
668 613 911 707 proprietatem
934 613 1022 685 hanc
1047 616 1111 710 ipsi
1129 617 1236 688 dene-

14 797 15 804 ,
111 739 252 816 garunt,
286 722 495 794 confutando
528 726 697 818 ejusmodi
726 729 851 818 errori,
881 753 944 822 pro
972 732 1022 799 rei
1050 733 1234 826 gravitate,

110 838 274 930 tantisper
293 838 562 928 immorabimur,
575 855 609 910 et
629 843 803 935 presentis
824 844 944 938 capitis
967 846 1143 916 materiam
1169 849 1235 918 hoc

109 952 228 1022 ordine
242 953 481 1047 expediemus:
499 965 536 1024 1⁰
550 956 700 1026 dicemus
714 956 756 1026 de
773 957 910 1052 liturgia
929 974 1096 1053 quatenus
1112 961 1235 1058 dogma

109 1069 336 1162 exprimente;
357 1076 397 1138 2⁰
419 1068 461 1138 de
483 1068 599 1140 eadem
619 1087 786 1165 quatenus
810 1072 933 1167 dogma
959 1073 1231 1166 demonstrante;

109 1182 148 1255 3⁰
166 1185 396 1278 expendemus
414 1176 621 1278 objectiones
640 1211 715 1280 quae
732 1202 850 1258 contra
869 1188 939 1257 vim
952 1188 1176 1283 dogmaticam
1192 1191 1234 1260 li-

107 1299 228 1391 turgiae
242 1297 358 1368 afferri
378 1296 502 1384 solent;
517 1298 559 1384 4⁰
575 1301 781 1370 recerxsendo
792 1303 1142 1397 praecipuacatbolicae
1155 1305 1233 1376 fidei

107 1415 232 1506 capita,
249 1412 466 1484 ostendemus
479 1413 653 1506 quomodo
667 1439 708 1484 ex
718 1414 788 1485 sola
804 1415 940 1511 liturgia
955 1416 1102 1512 legitime
1116 1445 1232 1490 eorum

106 1529 230 1596 veritas
248 1526 483 1601 concludatur.

526 1664 528 1668 Α
631 1707 704 1798 §x

401 1904 441 1961 De
452 1906 557 1978 liturgia
569 1913 695 1980 maetenni
708 1906 802 1980 dogma
812 1909 942 1982 exprimit.

156 2091 351 2186 Propositio
365 2093 393 2159 Ι.
406 2129 457 2144 -
469 2089 625 2186 Litargia
641 2105 698 2158 est
713 2089 948 2160 essentialiter
962 2115 1025 2162 seu
1042 2117 1088 2160 ex
1105 2109 1233 2164 natura

110 2230 174 2276 sua
200 2203 378 2302 dogmatis
405 2204 767 2300 expressim—Nam,
792 2228 833 2272 ex
860 2229 964 2297 supra
988 2204 1088 2276 allata
1114 2207 1234 2276 defini·

111 2321 213 2406 tione,
232 2319 371 2415 liturgia
395 2334 465 2388 tota
484 2332 617 2388 constat
638 2317 768 2388 actibus
796 2317 905 2387 cultus
931 2320 1073 2407 externi,
1093 2335 1127 2389 et
1149 2323 1234 2392 nihil

112 2433 200 2504 aliud
214 2450 265 2504 est
280 2459 384 2528 quam
400 2435 541 2528 ipsemet
556 2446 713 2502 externus
728 2430 838 2502 cultus
852 2439 1021 2526 quatenus
1037 2434 1096 2504 tali
1122 2436 1232 2507 forma

111 2549 196 2643 apud
221 2547 370 2644 aliquam
396 2549 588 2618 societatem
613 2549 827 2617 constitutus.
854 2549 955 2642 Atqui
976 2563 1071 2620 actus
1091 2552 1233 2644 quilibet

14 2649 15 2720 l
110 2663 219 2734 cultus
237 2665 370 2735 externi
385 2662 606 2734 essentialiter
622 2678 712 2734 etex
729 2680 850 2734 natura
866 2690 926 2734 sua
941 2667 1100 2761 exprimit
1112 2682 1147 2737 et
1162 2694 1234 2738 ma·

14 2783 15 2794 ’
110 2779 242 2850 nifestat
260 2779 387 2874 aliquid
404 2779 508 2868 credi,
526 2792 643 2873 estque
662 2779 805 2874 proinde
823 2778 966 2873 alicujus
982 2781 1144 2852 doctrinae
1159 2808 1231 2852 cre·

110 2896 183 2966 ditae
201 2921 260 2966 seu
279 2895 422 2990 alicujus
448 2894 615 2990 dogmatis
636 2896 816 2990 expressio.

153 3015 242 3082 Nam
262 3026 358 3079 actus
376 3007 487 3080 cultus
503 3011 637 3080 externi
657 3010 745 3078 idem
766 3010 906 3078 omnino
929 3024 980 3078 est
1000 3033 1040 3079 ac
1065 3025 1161 3080 actus
1178 3036 1231 3081 re·

109 3123 242 3220 ligionis
260 3139 398 3194 externe
414 3123 567 3218 prolatus
581 3149 590 3192 τ
603 3137 697 3193 actus
713 3137 827 3192 autem
839 3121 1012 3218 religionis
1032 3138 1080 3194 est
1099 3150 1230 3221 semper

14 3245 15 3308 ἒ
108 3255 139 3310 et
156 3241 346 3312 necessario
358 3255 454 3309 actus
472 3239 618 3310 hominis
635 3237 763 3334 aliquid
780 3240 960 3329 credentis,
976 3255 1010 3310 et
1026 3266 1066 3311 ex
1083 3242 1146 3311 hac
1163 3241 1230 3311 fide

106 3381 143 3426 ac
165 3355 406 3451 persuasione,
434 3356 503 3423 sive
532 3353 679 3424 naturali
703 3356 772 3424 sive
794 3353 1060 3449 supernaturali,
1081 3358 1225 3448 agentis.

105 3473 184 3563 Qui,
204 3471 299 3541 verbi
316 3471 435 3565 gratia,
452 3495 523 3539 non
540 3468 693 3538 crederet
706 3473 818 3538 Deum
836 3470 988 3553 existere,
1005 3467 1136 3538 nullum
1156 3494 1229 3563 pos·

105 3599 151 3652 set
170 3598 285 3653 actum
304 3582 477 3677 religionis
497 3585 587 3653 circa
605 3587 715 3652 Deum
733 3582 865 3652 sincere
881 3581 1045 3652 emittere.
1059 3585 1145 3652 Item
1165 3585 1229 3680 qui

104 3723 169 3767 aon
191 3697 498 3768 crederetsanctos
517 3695 697 3768 incoelesti
720 3698 830 3792 patria
851 3697 978 3786 vivere,
1000 3695 1096 3788 nullo
1116 3714 1228 3793 posset
1299 3751 1302 3758 .

103 3812 258 3910 religioso
279 3828 360 3884 actu
379 3839 436 3884 eos
457 3813 582 3883 colere.
604 3816 718 3907 Atque
736 3813 825 3882 idem
844 3813 987 3883 omniuo
1012 3815 1160 3885 occurrit
1193 3817 1228 3884 in
1303 3809 1306 3814 ’

102 3951 315 4022 quocumque
341 3926 454 3998 cultus
475 3929 618 4017 externi,
642 3952 682 3996 ac
706 3928 851 4022 proinde
878 3930 914 3998 in
939 3952 1156 4023 quocumque
1183 3929 1232 4018 li-¹

103 4044 220 4138 turgia.
242 4056 334 4112 actu.

148 4158 188 4227 Id
226 4159 367 4251 insuper
394 4157 492 4229 facile
517 4160 686 4230 constabit
714 4159 823 4230 varias
854 4160 1084 4254 percurrendo
1114 4176 1227 4255 partes

103 4272 225 4363 quibus
261 4287 416 4344 constare
450 4273 621 4368 liturgiam
663 4297 766 4368 supra
803 4273 1048 4344 adnotavimus.
1084 4277 1228 4346 Constat

103 4410 221 4483 nempe
241 4390 362 4478 rebus,
382 4377 584 4458 actionibus
597 4404 633 4459 et
652 4388 774 4461 verbis.
795 4391 903 4462 Porro
923 4387 967 4458 ad
989 4413 1041 4460 res
1059 4389 1087 4458 si
1113 4403 1226 4458 atten-
