2940 5072
246 353 319 442 abd
598 409 601 416 ,
704 375 911 424 functurus
995 437 997 444 y

244 536 263 571 a
280 505 538 600 quidbroviario
553 531 571 574 a
584 531 619 575 se
631 505 724 576 edito
742 503 928 576 adderetur
939 519 999 574 aut
1017 503 1059 573 de
1070 527 1111 571 eo
1125 504 1374 576 minueretur...

294 625 411 690 «Post
441 622 531 711 baee‚'
554 621 726 716 quomodo
748 620 875 692 factum
895 621 940 689 sit
968 633 1008 689 ut
1031 619 1067 688 iu
1089 614 1259 712 aliquibus
1284 621 1376 690 ultra

245 763 265 800 κ
281 742 413 806 montes
425 735 621 808 dioecesibus
640 759 728 804 nova
745 733 898 829 qrrotidie
915 734 1081 803 breviaria
1101 733 1257 823 edantur,
1276 737 1376 830 iguo-

244 881 263 917 «
281 867 390 921 ratur.
417 853 494 927 Norr
516 849 631 920 mtdtis
654 851 781 920 abhinc
803 835 903 918 aunis
926 851 961 917 in
991 847 1112 919 Guiiiis
1124 849 1238 920 editus
1257 865 1309 919 est
1332 853 1375 920 ab

244 995 263 1030 e
285 967 464 1062 Episcopo
473 966 569 1054 iiber,
590 966 693 1062 cujus
707 967 837 1036 uramini
857 989 971 1059 parco,
996 961 1136 1060 dejure
1149 979 1377 1060 etputestate

187 1169 191 1174 Ι
244 1109 262 1144 u
279 1084 535 1179 Epr'soopernm
556 1079 749 1152 ordinandi
778 1079 913 1174 Officia
936 1078 1054 1150 durna
1077 1081 1173 1149 intra
1180 1081 1284 1170 fines
1301 1106 1379 1151 rute

245 1225 264 1260 α
278 1194 449 1287 dicereris,
456 1195 731 1292 juxtnomninnr
746 1196 954 1266 saeculomm
964 1193 1185 1266 eruditiorem
1198 1219 1224 1263 rr
1238 1195 1376 1267 (tusto

245 1341 264 1376 (ι
278 1317 362 1382 Jesn
375 1310 427 1381 ud
442 1337 506 1382 nos
525 1315 782 1382 transmissam.
809 1311 977 1382 Audacter
996 1309 1183 1382 Grancoias
1210 1311 1260 1404 (in
1285 1335 1377 1380 com-

245 1455 262 1489 «
278 1442 382 1497 ment.
406 1428 525 1498 histor.
548 1428 582 1496 in
597 1431 790 1496 Romanum
813 1425 1033 1511 breviarium,
1055 1449 1128 1518 cap.
1146 1423 1196 1516 6),
1215 1425 1376 1495 adversus

245 1571 263 1606 a
282 1542 406 1612 claram
430 1543 575 1614 litteram
603 1541 857 1612 constitutionis
885 1540 994 1610 sancti
1012 1540 1063 1610 Pii
1083 1541 1111 1610 V
1141 1540 1270 1626 asserit,
1292 1566 1378 1635 prae·

245 1686 263 1720 a
278 1657 359 1726 dicti
385 1658 558 1727 Pontibeis
580 1674 727 1726 mentem
752 1654 948 1725 nuliuteuus
972 1655 1087 1740 fuisse,
1113 1669 1152 1722 ut
1169 1655 1376 1726 breviarium

245 1775 469 1841 «Romanum
496 1799 515 1840 a
546 1797 586 1842 se
613 1787 801 1842 correctum
829 1771 956 1866 ubique
972 1771 1211 1864 susciperetur,
1235 1771 1378 1864 abjectis

245 1915 264 1948 «ι
281 1888 437 1956 onmibus
457 1887 651 1957 dioecesanis
673 1887 847 1956 breviariis
868 1913 877 1955 :
897 1885 988 1980 quod
1006 1900 1137 1954 tautum
1156 1884 1295 1954 admitti
1313 1909 1376 1980 po-

245 2031 264 2064 «
282 2016 356 2089 test,
371 2003 468 2095 juxta
495 2001 583 2071 diota
614 2029 633 2071 a
665 2003 764 2070 uobis
784 2002 952 2096 superius,
981 1999 1097 2094 quoad
1123 1999 1293 2067 breviaria
1312 2023 1373 2068 usu

247 2115 507 2185 «ducentorum
536 2141 703 2186 annorum
730 2130 808 2185 ante
838 2114 964 2184 budam
995 2127 1140 2207 recepta,
1169 2128 1230 2182 aut
1262 2113 1373 2207 quoad

246 2260 262 2293 u
283 2231 448 2299 breviaria
464 2257 537 2324 quie
554 2233 586 2300 in
604 2257 662 2300 sua
676 2231 890 2300 institutione
905 2228 1048 2297 fuissent
1060 2253 1080 2296 a
1093 2227 1171 2296 sude
1183 2227 1375 2322 Apostolica

245 2376 264 2409 ιι
278 2347 481 2442 approbata,
510 2346 699 2441 eujusmodi
723 2362 804 2416 suot
819 2344 986 2440 pleraque
1003 2343 1167 2412 breviaria
1189 2343 1378 2412 monacho·

250 2485 369 2530 erum.
399 2463 435 2532 si
467 2461 654 2532 Graucolas
681 2461 831 2530 antiaciae
858 2459 961 2529 titulo
991 2458 1162 2528 notandus
1190 2472 1243 2526 est
1270 2459 1317 2527 ob
1342 2483 1378 2526 ea

126 2611 127 2614 π
246 2600 355 2668 uquae
382 2575 489 2644 modo
515 2577 687 2670 scripsisse
718 2575 876 2659 diximus,
911 2573 1070 2642 severiori
1097 2588 1178 2642 nota
1209 2571 1379 2667 plerisque

247 2717 266 2752 o
280 2688 458 2758 afficienda
477 2691 584 2758 videri
607 2691 732 2786 poterit
749 2691 889 2759 assertio
914 2689 1054 2758 Joaunis
1075 2691 1200 2756 Portas
1222 2688 1377 2780 tinDict.

247 2833 266 2868 a
281 2828 347 2872 cas.
367 2829 480 2874 course.
494 2819 579 2874 tom.
597 2810 645 2892 ΙΙ,
662 2807 696 2874 ἰιι
718 2806 810 2876 verb.
826 2809 1054 2891 deaurantes.
1071 2800 1120 2895 5),
1136 2803 1194 2871 ubi
1209 2825 1378 2872 uovorum

247 2918 528 2988 «breviariorum
556 2919 793 2989 editionem-ct
826 2919 1101 2988 reformationem
1128 2917 1172 3006 ab
1202 2918 1378 3011 Episcopis

249 3033 470 3104 «faciendam
489 3034 605 3106 refert.
629 3039 704 3108 Van
723 3039 835 3130 Espcn
859 3035 932 3130 (lus
942 3031 1060 3132 pocius.
1081 3047 1170 3128 part.
1192 3057 1220 3116 r,
1237 3034 1292 3102 tit.
1322 3030 1376 3119 16,

250 3179 269 3214 o
283 3175 370 3247 o.·9‚
388 3161 430 3220 ιι0
451 3179 496 3224 aa
516 3167 550 3222 et
566 3153 630 3248 23)
648 3153 746 3222 docet
766 3151 1013 3221 breviariorum
1035 3149 1252 3244 aliorumque
1275 3149 1377 3218 libro·

253 3295 271 3329 e
288 3291 364 3334 rum
391 3266 433 3336 ad
452 3267 606 3336 divinum
623 3269 771 3337 officium
795 3266 1020 3362 spectantium
1041 3290 1182 3334 examen
1201 3281 1238 3334 et
1263 3289 1378 3334 eorre-

246 3411 264 3444 ιι
281 3382 428 3451 ctionem
446 3383 488 3452 ud
500 3386 684 3480 Episcopos
700 3386 887 3480 pertinere3
898 3380 954 3452 sed
967 3405 1045 3450 cum
1064 3381 1099 3449 iu
1114 3379 1260 3476 belgicis
1274 3379 1376 3450 ecclc·

247 3525 266 3560 α
279 3498 336 3566 siis
353 3514 524 3593 receptum
535 3499 637 3569 fuerit
655 3499 861 3568 breviarium
880 3503 1084 3582 Romanum,
1101 3495 1240 3589 subjicit
1255 3495 1305 3590 (re
1320 3495 1378 3587 ad)

251 3644 269 3676 o
284 3612 412 3682 budam
444 3617 479 3684 S.
502 3617 551 3685 Pii
579 3620 613 3687 V
633 3639 703 3684 esse
732 3613 985 3684 attendendum.
1004 3615 1048 3682 Et
1071 3610 1205 3708 (eadem
1230 3626 1327 3706 parte
1349 3633 1376 3697 1,

249 3729 334 3798 etit.
361 3753 420 3819 ιι,
441 3753 470 3800 o.
498 3755 533 3826 7,
562 3756 596 3800 n.
625 3755 666 3829 ¹9
695 3745 727 3800 et
750 3726 1316 3826 seq.)postquumanimadre1tit,
1340 3750 1377 3793 ex
1465 3795 1466 3830 3

248 3847 526 3915 «coristitutioue
544 3848 594 3918 Pii
623 3852 653 3918 V
682 3845 888 3915 breviarium
926 3843 1023 3917 nullo
1054 3867 1204 3937 unquam
1230 3857 1378 3936 tempore

251 3987 270 4020 s
284 3957 334 4026 vei
354 3975 480 4049 totum,
505 3961 619 4032 velex
638 3977 733 4058 parte
744 3960 958 4033 mutandum·
971 3983 1053 4046 esse,
1066 3957 1156 4028 rodei
1173 3956 1307 4051 aliquid
1324 3955 1377 4024 ad-

251 4073 446 4163 «dendum,
475 4075 528 4146 vd
551 4079 693 4146 omniuo
714 4075 984 4162 detrabendum
1016 4073 1075 4161 ait,
1099 4073 1128 4141 si
1149 4070 1281 4166 aliquid
1305 4071 1379 4139 bre·

251 4217 270 4253 e
282 4189 389 4257 viario
412 4190 569 4260 Rornano
586 4194 798 4286 judicaretur
817 4189 1011 4260 addendum
1026 4185 1078 4256 vel
1098 4187 1305 4256 demendum
1322 4199 1378 4253 aut

252 4333 269 4367 α
283 4328 323 4374 ex
344 4319 439 4399 parto
464 4307 679 4396 mutandum,
705 4307 739 4376 id
763 4306 870 4375 forea
898 4304 977 4374 sede
994 4301 1187 4398 apostoliea
1205 4300 1379 4396 postulan-

247 4419 379 4505 v'dum,
401 4418 570 4516 loquendo
587 4445 721 4518 semper
737 4421 778 4490 do
804 4419 953 4491 ecclesiis
979 4443 1056 4514 quoe
1076 4418 1280 4488 breviarium
1308 4419 1378 4486 uo-
