2978 5076
482 367 530 413 ns
554 365 644 414 sure
669 365 873 416 arruncroo.
1167 352 1232 436 alr

110 491 297 564 suetudine
328 489 534 580 adsm'ctns,
564 490 752 585 dequibus
778 493 850 588 agit
871 493 1015 562 Pienum
1050 494 1239 578 decretum,

111 611 216 680 fuisse
234 622 368 678 tantum
381 606 540 678 ecclesias
554 611 719 678 Romanae
733 607 850 696 Urbis,
861 623 921 677 ent
939 623 1044 678 status
1057 610 1241 684 Pontificii.

111 726 149 794 Si
165 725 258 794 enim
268 727 302 795 S.
315 724 396 795 Pius
413 726 447 794 V
463 721 626 792 voluisset
645 723 759 817 quoad
771 720 929 792 ecclesias
943 722 1120 795 dumtaxat
1133 740 1241 796 status

113 839 285 910 Pontificii
300 838 495 924 decernere,
514 861 585 907 noa
603 835 737 908 locutus
754 836 870 907 fnisset
890 835 937 907 de
953 838 1118 909 oneribus
1131 839 1241 911 Clari·

111 955 226 1024 str'nni
261 951 357 1024 ordis
394 951 564 1040 eeclesiis,
599 975 661 1022 nec
687 950 825 1024 dixisset
855 975 892 1021 se
918 953 1037 1045 exequi
1064 969 1181 1024 votum
1210 971 1244 1026 et

113 1067 316 1138 mandatnm
344 1065 807 1155 tt=idenrtnorum212nrum3
828 1065 888 1159 qui
918 1065 1069 1160 profecto
1100 1093 1170 1138 uon
1200 1069 1244 1140 dc

114 1182 314 1278 particulari
327 1183 362 1252 in
372 1196 464 1254 statu
476 1179 672 1271 Pontificio,
683 1182 740 1252 sed
755 1182 799 1251 de
812 1179 960 1277 generali
978 1180 1124 1276 liturgia·
1136 1185 1245 1254 refor-

115 1301 435 1394 mationeegerunt.

163 1415 259 1484 Idem
276 1429 410 1486 constat
427 1414 574 1508 denique
598 1437 639 1484 ex
658 1413 833 1484 communi
856 1413 1039 1486 doctorum
1063 1439 1242 1507 consensu,

115 1555 218 1624 quem
234 1529 397 1600 exhibent
420 1528 636 1623 insuperiori
652 1529 868 1624 paragrapho
885 1527 1026 1599 collecta
1043 1533 1244 1604 testimonia.

115 1646 206 1714 Hnic
216 1669 296 1714 vero
304 1642 479 1714 communi
494 1644 766 1737 interpretationi
784 1641 909 1713 insulse
919 1661 1189 1738 opponerentur,
1207 1664 1247 1718 ut

116 1785 220 1857 supra
238 1759 488 1844 adnotavimus
505 1759 642 1853 qnidam
658 1774 708 1829 snt
730 1775 893 1844 recentes,
905 1775 958 1830 sat
979 1759 1074 1830 malae
1093 1777 1191 1851 notae,
1210 1779 1246 1834 et

115 1875 245 1946 nullius
265 1873 444 1947 soliditatis
454 1873 574 1946 Galliae
589 1889 753 1946 auctores.
767 1880 857 1945 Bene
871 1891 991 1946 notum
1009 1892 1060 1946 est
1082 1880 1116 1948 in
1135 1877 1259 1948 omni-'

116 1993 182 2062 bus
198 1991 441 2086 questionibus
458 2015 592 2085 semper
611 1991 750 2085 reperiri
764 1990 878 2085 eliqua
901 1990 1099 2064 heteroclita
1116 1996 1241 2088 capita,

117 2108 244 2199 quibus
257 2108 448 2176 rernmunis
465 2105 645 2176 doctorum
668 2105 834 2175 sententie
857 2131 926 2174 uon
946 2106 1105 2178 arrideat.
1122 2111 1248 2203 Singu-

117 2220 223 2290 larem
244 2222 553 2316 interpretationem
568 2244 672 2316 quam
686 2245 789 2315 supra
807 2245 852 2290 ex
867 2219 977 2292 Collet
1000 2223 1193 2314 retulimus,
1219 2228 1247 2295 si
1276 2305 1278 2310 ¹

118 2363 189 2432 qun
208 2339 395 2408 attentione
415 2337 553 2432 dignnm
578 2351 777 2431 reputasset,
801 2362 871 2407 non
890 2335 1089 2432 neglexisset
1115 2363 1249 2435 urgere,

118 2477 183 2546 pro
208 2477 271 2521 suo
299 2453 335 2521 in
360 2451 475 2521 sedem
503 2449 733 2546 Apostolienm
752 2451 885 2520 infenso
902 2453 1030 2541 animo,
1054 2455 1129 2523 Van
1144 2449 1250 2550 Esp'e·

119 2567 216 2652 uius;
239 2566 299 2659 qui
314 2579 424 2636 tamen
446 2567 481 2634 iu
503 2565 568 2634 hoc
589 2564 769 2658 aprobatis
789 2565 987 2638 auctoribus
1008 2591 1077 2636 uon
1096 2559 1247 2638 recessit.

120 2685 175 2752 En
193 2679 370 2776 quomodo
393 2679 524 2751 Bullam
547 2679 687 2750 Pinnem
711 2679 888 2764 intellexit,
909 2694 1015 2777 atque
1034 2683 1147 2776 quoad
1172 2684 1251 2754 sub·

120 2797 281 2868 stantiam
307 2796 409 2866 refert
435 2795 494 2890 (de
508 2796 610 2866 Horis
635 2795 820 2884 canonicis,
835 2819 914 2889 pars
941 2819 970 2881 r,
990 2822 1064 2892 cap.
1086 2801 1123 2887 A,
1143 2800 1163 2891 5
1182 2799 1222 2895 a)
1242 2827 1251 2868 :

173 2943 190 2978 a
208 2912 376 3008 Deplorat
390 2914 472 2982 Pius
488 2913 521 2980 V
538 2935 706 2980 summanr
722 2910 837 2996 fuisse,
854 2936 923 2980 non
940 2927 1073 2982 tantum
1092 2917 1251 2986 omnium

121 3053 255 3125 npoeue
273 3027 505 3098 ecclesiarum
531 3027 565 3096 in
591 3025 773 3096 recitandis
801 3027 866 3094 Dei
890 3025 1047 3097 laudibus
1066 3043 1102 3098 et
1128 3030 1252 3100 ‹lecan-

121 3174 139 3209 ιι
153 3143 258 3214 tando
277 3143 394 3212 divino
411 3142 524 3212 officio
539 3142 735 3211 varietatem
766 3155 847 3210 aute
867 3138 1052 3224 concilium
1073 3144 1252 3216 Tridenti-

122 3283 251 3345 anum,
273 3257 332 3328 sed
349 3258 450 3327 etiam
468 3279 637 3326 summam
653 3254 760 3323 divini
776 3252 890 3324 cultus
907 3257 1197 3349 perturbationem
1211 3285 1252 3330 ex

121 3403 138 3438 a
153 3399 195 3444 co
220 3373 311 3468 quod
332 3373 490 3467 Episcopi
506 3373 541 3440 iu
562 3367 724 3458 ecclesiis,
747 3395 822 3463 quae
840 3371 884 3439 ab
903 3372 1000 3440 initio
1023 3376 1253 3444 communiter

123 3519 140 3554 α
154 3513 234 3560 cnm
255 3487 383 3558 caeteris
399 3488 506 3557 veteri
523 3491 680 3556 Romano
706 3508 801 3554 more
823 3482 925 3554 horas
939 3488 1121 3558 canonicas
1140 3489 1254 3560 dicere

124 3633 141 3668 e
155 3616 192 3673 et
217 3599 359 3696 psallere
383 3600 646 3683 consuevissent,
666 3600 837 3695 privatum
868 3600 932 3670 sibi
956 3600 1099 3694 quilibet
1121 3601 1255 3674 breviuss

123 3718 244 3787 «rium
262 3716 497 3786 confecissent.
529 3718 619 3786 Huic
636 3739 727 3786 uero
744 3714 852 3788 divini
878 3715 982 3786 officii
994 3717 1258 3812 perurebationi

123 3863 140 3897 n
153 3848 189 3902 et
216 3833 337 3901 nimioe
357 3831 532 3902 varietati
555 3828 748 3900 remednrm
782 3827 951 3901 adhibere
981 3829 1134 3903 voluerat
1161 3839 1253 3904 Pan·

124 3944 290 4035 nlusIV3
310 3945 425 4016 sedeo
444 3943 614 4040 (nondum
638 3967 740 4039 opere
765 3944 932 4038 perfecto)
953 3969 972 4012 e
994 3945 1080 4016 vivis
1105 3947 1252 4040 sublato,

123 4064 273 4132 «Patres
291 4059 426 4130 concilii
446 4057 679 4130 Tridentini...
693 4058 900 4130 breviarium
914 4084 955 4128 ex
972 4060 1080 4155 ipsius
1092 4062 1189 4134 Pauli
1203 4067 1255 4136 lv

124 4183 255 4272 «Papae
269 4177 400 4248 ratione
422 4177 598 4248 restituere
612 4174 818 4270 cogitarunt.
835 4203 853 4241 a
867 4175 995 4248 Relatis
1012 4180 1161 4274 ipsismet
1173 4181 1255 4252 Bul-

125 4293 165 4364 lae
190 4294 315 4382 uerbis,
334 4291 513 4390 subjungit
529 4296 608 4362 Van
627 4293 819 4386 Espeuius:
839 4319 857 4358 e
880 4297 955 4365 Hoc
974 4297 1178 4366 breviarium
1204 4298 1251 4367 ita

125 4439 143 4475 n
157 4409 382 4506 approbatum
398 4423 433 4479 et
445 4406 641 4504 evulgatum
650 4409 694 4480 nb
703 4406 865 4480 carnibus
878 4408 1168 4510 quibuscumque,
1181 4426 1250 4482 tam

1035 4523 1079 4599 16
