2978 5076
483 427 529 472 nn
553 425 641 473 June
666 427 869 475 crrnnorco.
1166 401 1234 476 251

1 567 2 572 ’
108 567 412 648 cquamtempore
422 551 479 621 *vei
496 554 530 620 in
553 567 663 622 totum
677 553 734 622 rei
763 579 804 622 ex
830 564 928 648 parte
941 523 1156 644 mutandum,
1183 553 1239 624 rei

105 699 122 733 a
134 670 166 738 ei
188 667 317 762 aliquid
328 665 536 752 addendum,
557 667 614 736 rei·
632 669 772 737 omnino
786 668 1033 738 detrahendum
1050 709 1097 724 ·-
1111 664 1243 738 achaic

106 815 123 850 α
139 782 264 869 missaii
282 797 400 851 nostro
420 804 532 876 nuper
551 783 655 868 edito,
674 782 759 852 nihii
770 809 922 878 nnqnam
950 783 1156 871 addendum,
1177 783 1238 853 ἀεὶ

106 897 341 970 «trahendum
370 911 430 968 aut
455 897 706 967 immutandum
734 897 961 983 decernendo,
986 898 1049 966 snb
1074 897 1239 992 'indigna-

106 1015 239 1084 ctionis
269 1006 392 1084 nostra
419 1039 560 1112 poena...
585 1016 768 1084 statuimus
799 1029 833 1083 et
861 1013 1069 1082 ordinamus.
1100 1043 1115 1078 n
1143 1013 1240 1082 Idem

107 1132 262 1226 sequitur
281 1153 377 1198 exeo
393 1129 486 1222 qnod
511 1151 531 1198 a
556 1127 729 1199 Ciemente
746 1132 833 1199 Vnt
858 1144 890 1199 et
912 1129 1056 1198 Urbano
1079 1131 1176 1217 Vttt,
1201 1129 1238 1196 in

107 1225 251 1314 decretis
274 1243 365 1312 inim
389 1243 590 1330 indicandis,
610 1244 672 1312 sub
688 1245 798 1344 poenis
824 1244 1069 1337 pmirdreantnr
1087 1241 1239 1336 imprimi

108 1359 213 1430 libros
231 1357 319 1448 ilios,
338 1360 401 1428 nisi
421 1383 497 1428 enm
515 1360 732 1428 attestatione
751 1358 1003 1428 ordinariomm
1023 1383 1088 1452 qna
1110 1359 1240 1426 conset

108 1474 261 1571 perfecta
281 1473 476 1543 eorumdem
492 1497 567 1542 enm
589 1476 752 1544 Romanis
772 1473 1004 1543 conformitas.
1104 1483 1107 1499 ¹

157 1590 352 1686 Propositio
372 1615 420 1659 aa.
453 1593 582 1659 Contra
602 1587 754 1684 prefati
770 1591 942 1685 precepti
956 1587 1147 1658 violatores
1161 1611 1241 1656 eon·

107 1705 240 1774 stitntae
253 1719 460 1798 sontpoense
477 1707 666 1774 canonicae.
678 1745 723 1756 -
736 1704 777 1774 Id
801 1718 932 1773 constat
948 1726 989 1772 ex
1000 1703 1139 1785 deercto
1155 1705 1241 1772 Cnm

108 1821 145 1888 in
160 1819 324 1890 Ecclesia
342 1818 528 1890 Clementis
542 1823 647 1906 vl1t3
665 1819 786 1914 inquo
803 1835 980 1914 postquam
1001 1819 1171 1888 sancitum
1190 1831 1241 1886 est

106 1935 318 2004 breviarium
345 1935 495 2029 imprimi
521 1959 590 2002 non
605 1959 702 2029 posse
716 1935 844 2028 absque
860 1931 1171 2028 inquisitorumuei
1187 1958 1245 2003 or-

105 2051 318 2120 dinariorum
337 2049 486 2140 lieentia,
506 2051 555 2119 ita
575 2051 815 2146 subjungitur:
832 2081 851 2115 a
869 2051 937 2143 Ipsi
961 2065 1074 2118 autem
1095 2050 1240 2142 inquisi-

105 2195 123 2230 α
134 2182 228 2235 tores
240 2191 299 2235 sen
314 2166 477 2236 ordinarii
495 2165 647 2236 lucenam
663 2181 844 2260 antequam
858 2163 1049 2258 hujusmodi
1066 2161 1237 2232 licentiam

105 2309 125 2344 c
140 2281 343 2369 concedant,
365 2282 535 2351 breviaria
561 2280 787 2376 imprimenda
813 2295 849 2349 ct
867 2297 1051 2374 'postquam
1079 2280 1241 2373 impressa

107 2425 125 2460 α
136 2396 281 2485 fuerint,
297 2421 378 2466 enni
392 2397 486 2466 hoc..
503 2395 760 2490 diligentissime
773 2395 989 2479 conferant„
1011 2409 1044 2464 et
1060 2393 1153 2489 qnod
1170 2419 1243 2461 onr-

107 2512 221 2578 «nino
239 2511 562 2582 concordenttnann
584 2513 724 2608 propria
745 2525 963 2598 attestentnr3
984 2508 1244 2604 cujns‘iicentiae

105 2657 123 2691 u
137 2627 238 2721 eopia
256 2627 358 2696 initio
376 2626 431 2695 rei
458 2629 492 2696 in
515 2626 606 2698 calce
622 2629 789 2722 cujusquo
800 2630 961 2697 breviarii
976 2626 1243 2722 semperirnpri·

107 2757 265 2812 amatur.
293 2742 399 2832 Quod
424 2743 452 2812 si
476 2767 572 2812 secus
607 2743 762 2829 iecerint,
790 2743 1007 2840 inquisitores
1042 2743 1242 2838 privationis

107 2887 124 2920 a
139 2881 281 2926 snorum
305 2857 535 2943 officiorum„
554 2859 733 2928 Antistites
752 2859 833 2927 iero
853 2873 887 2928 et
904 2857 1067 2927 ordinarii
1086 2855 1241 2926 iocorum

108 3001 125 3036 a
140 2973 370 3067 suspensionis
399 2997 420 3042 a
442 2973 568 3043 divinis
584 2995 624 3042 ae
646 2972 820 3042 interdicti
844 2973 886 3040 ab
903 2973 1059 3066 ingressu
1080 2967 1241 3054 ecciesiae,

109 3117 126 3150 s
141 3113 261 3157 eortrm
280 3111 358 3157 raro
374 3089 488 3157 vicarii
510 3088 710 3182 privationis
728 3085 921 3156 officiorum
943 3101 976 3155 et
993 3085 1242 3154 beneficiorum

109 3233 125 3265 s
141 3226 296 3289 seorsim,
316 3229 366 3273 ac¹
380 3219 540 3299 praeterea
560 3203 920 3274 excommunicationis
942 3202 1070 3298 absque
1089 3199 1153 3270 aiia
1176 3198 1241 3299 de-

110 3318 341 3411 sciarationc,
361 3345 476 3414 poenas
495 3322 684 3390 incurrant.
702 3347 721 3384 n
764 3323 767 3331 ’

156 3435 253 3504 Idem
269 3450 302 3504 et
320 3435 382 3505 snb
399 3435 518 3504 iisdem
531 3437 640 3530 poenis
654 3433 796 3504 sancivit
814 3457 874 3502 sen
892 3432 1006 3528 potius
1023 3427 1243 3499 confirmavit

107 3547 272 3620 Urbanus
297 3553 384 3619 ‘Vnt
399 3552 434 3619 in
452 3574 518 3622 sno
537 3550 672 3619 decreto
690 3550 857 3620 Divinum
876 3541 1132 3644 psalmodium,
1149 3565 1243 3611 anno

109 3663 222 3751 1631,
240 3667 337 3735 initio
354 3665 513 3736 breviarii
524 3665 675 3736 'Romani
697 3665 878 3760 impresso3
897 3674 1000 3756 atque
1016 3657 1135 3728 eadem
1159 3681 1245 3752 prae·

108 3780 171 3851 sati
193 3781 372 3850 Pontifices
394 3781 508 3878 quoad
524 3779 661 3850 Missaie
684 3791 888 3850 statuerunt.

156 3895 350 3990 Propositio
363 3895 411 3966 3¹.
426 3894 610 3964 Praedicta
619 3895 818 3985 ⁴pontificiae
834 3891 1099 3962 constitutiones
1113 3889 1150 3958 in
1168 3901 1241 3957 toto

108 4035 175 4080 sno
195 4009 317 4080 miore
329 4012 571 4106 permansisse
590 4007 772 4079 censendae
785 4023 867 4078 sunt
875 4034 889 4092 ‚·
908 4007 962 4074 ito
985 4019 1023 4075 nt
1040 4029 1153 4103 neque
1175 4003 1241 4073 lto·

108 4123 182 4213 die,
203 4126 242 4194 in
264 4124 425 4196 ecclesiis
442 4125 591 4224 liturgia
613 4129 783 4194 Romanae
799 4125 1026 4219 post-Pione
1046 4119 1241 4208 eilstrietrs,

102 4242 222 4337 possit
237 4239 392 4339 legitime
411 4256 446 4311 et
457 4242 535 4311 sine
543 4241 755 4338 poenisfien'
768 4237 843 4308 otta
857 4237 1069 4307 immutatio.
1089 4277 1140 4290 -
1150 4238 1241 4306 Nam

109 4355 279 4452 praedictae
299 4355 389 4452 teges
407 4357 601 4427 *Pontiiieiae
628 4376 803 4451 nonquam
829 4376 986 4450 expresse
1010 4352 1052 4421 ab
1078 4351 1149 4419 ulio
1167 4355 1240 4420 Ro·

110 4497 214 4542 mano
240 4471 403 4541 Pontifice
435 4471 604 4567 abrogatae
632 4485 721 4541 sunt.
758 4471 830 4540 Nec
865 4491 1029 4537 consensu
1059 4465 1164 4534 tacito
1187 4487 1244 4533 eas
