2940 5072
234 355 302 427 232
689 376 895 426 catenarus

233 508 370 590 «disin,
393 505 583 599 etquidem
604 530 681 576 cum
706 505 845 601 hymnis
866 503 964 599 juxta
982 501 1256 573 reformationem
1286 507 1360 573 Ur·

232 624 342 692 «bani
375 625 470 707 vttl,
492 621 747 717 provideantur.
768 625 812 689 Et
833 621 912 714 quia
942 619 1171 688 sanctissimus
1201 619 1361 688 Pontifex

231 735 481 806 «innocentius
498 735 611 803 divina
638 734 848 830 providentia
881 737 971 826 Papa
1006 732 1175 816 decimus,
1197 731 1362 802 Clemen-

158 883 161 889 ·
232 879 249 916 κ
265 854 306 920 tis
324 853 403 920 Vlll
418 847 647 920 ceremoniale
660 864 815 920 accrrrate
826 837 1024 918 renovatum
1038 849 1194 918 omnibus
1208 847 1359 918 ecclesiis

234 965 512 1035 «observandum
533 965 733 1058 proposuit3
766 964 838 1033 Nos
862 964 948 1032 tanti
980 963 1153 1034 Pontificis
1177 963 1363 1032 sanctioni·

232 1083 325 1150 altus
349 1080 541 1174 justissimis
569 1081 779 1164 inhaerentes,
812 1081 973 1148 omnihus
1008 1093 1042 1148 et
1074 1076 1216 1172 siugulis
1243 1078 1363 1171 cujus-

234 1219 413 1290 ncumquc
444 1194 591 1266 ecclesie
630 1193 796 1287 prefectis
801 1245 866 1264 .....
899 1195 1133 1288 praecipimus,
1176 1193 1276 1262 utin
1310 1194 1364 1260 di-

233 1336 249 1373 n
264 1312 421 1378 vinorum
436 1307 629 1378 officiorum
644 1323 678 1377 et
697 1310 872 1376 missarum
885 1306 1122 1397 celebratione,
1137 1310 1251 1377 omnia
1261 1308 1362 1401 juxta

233 1426 369 1518 «ipsius
391 1423 632 1494 caeremonialis
652 1424 803 1494 renovati
830 1425 1025 1518 praescripta
1045 1437 1264 1492 serventur.»
1283 1425 1362 1516 (sy-

234 1543 344 1611 nodus
363 1542 496 1612 dioeces.
519 1541 646 1610 Montis
665 1538 812 1634 Regalis,
834 1541 913 1610 anni
950 1536 1053 1631 1652,
1088 1564 1164 1634 pag.
1188 1563 1252 1635 97,
1272 1538 1357 1608 edit.

232 1660 352 1726 Monte
369 1655 485 1750 Regali
510 1651 628 1748 1653.)

283 1773 409 1840 XXVI.
430 1767 591 1862 synodus
608 1768 850 1838 Assisiensr's:

280 1913 296 1947 a
312 1889 400 1955 Cum
419 1883 573 1979 profecto
594 1895 708 1952 sancta
729 1887 883 1953 Romana
908 1880 1067 1969 Ecclesia,
1092 1897 1164 1952 tum
1191 1882 1360 1978 dignitate

185 2001 187 2004 ’
234 2025 342 2070 «cum
374 2002 570 2087 sanctitate,
593 1999 730 2068 caeteris
743 1996 891 2068 ecclesiis
917 1997 1018 2092 longe
1040 1996 1240 2086 antecellat3
1266 1999 1359 2092 quod

233 2141 250 2178 a
267 2139 333 2183 nna
361 2115 432 2183 ltoec
455 2112 583 2182 nullam
612 2113 735 2184 lrabeat
753 2111 922 2182 maculam
947 2138 1057 2207 neque
1082 2137 1220 2208 rugam,
1256 2127 1359 2206 atque

234 2230 350 2298 «adeo
375 2227 455 2298 solis
474 2228 580 2296 instar
606 2227 750 2296 Domini
776 2226 851 2298 luce
869 2226 1004 2322 perfusa
1027 2253 1088 2321 per
1106 2243 1215 2298 totum
1239 2229 1357 2298 orbem

234 2373 249 2403 ιι
265 2346 409 2411 nitentes
428 2366 495 2411 snae
516 2342 674 2438 puritatis
695 2341 806 2410 radios
824 2341 994 2427 effundat3
1019 2357 1285 2412 consentaneum
1306 2360 1357 2412 est

233 2487 250 2525 n
267 2476 305 2528 ut
322 2458 458 2551 reliquae
478 2481 607 2544 omncs,
627 2472 788 2551 tanquam
802 2456 877 2526 filiae
894 2472 996 2528 tantae
1018 2458 1147 2542 matris,
1164 2456 1214 2526 vel
1238 2456 1357 2526 saltem

232 2577 346 2643 «tanti
367 2573 519 2667 corporis
536 2572 701 2661 membra,
721 2572 872 2666 ejusdem
891 2573 1009 2666 capitis
1027 2597 1138 2642 mores
1157 2585 1356 2665 sequantur,

231 2715 248 2754 u
263 2689 348 2758 ritus
377 2710 607 2780 quoscumque
632 2686 794 2756 inviolate
817 2687 1009 2776 observent,
1036 2711 1075 2756 ac
1100 2685 1237 2756 tandem
1259 2711 1295 2756 se
1312 2686 1355 2755 ad

233 2831 250 2866 a
267 2801 339 2894 ejus
355 2798 581 2888 voluntatem,
595 2800 695 2868 etiam
719 2801 754 2868 in
773 2800 954 2870 recitandis
968 2801 1062 2869 horis
1081 2801 1254 2870 canonicis
1272 2825 1354 2870 con·

231 2917 409 2985 «forment
434 2916 638 2984 :statuimus
661 2916 766 3010 igitur
797 2932 832 2986 et
859 2916 1057 2986 mandamus
1079 2931 1118 2986 ut
1150 2917 1184 2984 in
1215 2914 1353 2986 ecclesia

231 3059 248 3096 a
265 3047 379 3100 nostra
392 3029 575 3100 cathedrali
595 3055 615 3099 a
636 3032 748 3124 priore
764 3047 797 3102 et
816 3031 974 3100 omnibus
992 3032 1162 3102 canonicis
1178 3047 1213 3102 et
1225 3030 1353 3101 clericis

231 3175 248 3210 n
265 3147 324 3240 qui
346 3145 441 3213 chori
457 3143 581 3214 officiis
599 3159 679 3214 sunt
708 3145 898 3216 adstricti...
918 3171 960 3216 ex
978 3148 1045 3216 ritu
1060 3162 1092 3216 et
1111 3146 1352 3218 consuetudine

231 3289 248 3324 a
266 3260 413 3353 ejusdem
443 3275 563 3328 sauctae
587 3264 747 3330 Romanae
769 3259 926 3331 Ecclesiae
952 3261 1073 3332 divinae
1090 3260 1205 3332 laudes
1230 3259 1352 3356 persol-

230 3389 398 3444 «vantur.
416 3405 433 3440 n
449 3375 619 3471 (synodus
640 3374 772 3446 dioeces.
787 3377 988 3463 Assisiensis,
1004 3379 1083 3446 artai
1106 3375 1213 3466 1656,
1237 3378 1288 3446 tit.
1308 3402 1351 3472 aq

230 3489 273 3560 tle
287 3491 402 3559 'Horis
420 3489 629 3584 canonicas.)

279 3608 420 3674 xxvtt.
445 3605 658 3674 lrioeeesana
669 3603 825 3697 synodus
837 3607 1019 3700 Arearum,
1035 3631 1130 3676 cinno
1154 3602 1246 3702 1595
1265 3605 1349 3676 cele·

230 3719 365 3790 druto:

278 3865 295 3900 a
314 3838 402 3904 Cum
432 3833 546 3904 divina
575 3833 686 3904 officia
705 3835 834 3922 omnia,
864 3850 936 3930 tum
968 3837 1146 3906 canonicas
1174 3837 1290 3924 horas,
1314 3861 1349 3906 cx
1465 3875 1466 3880 κ

228 3951 391 4018 eratione
409 3973 448 4018 ac
474 3947 652 4042 disciplina
670 3950 817 4018 Romani
841 3949 1012 4040 breviarii,
1046 3950 1142 4043 jussu
1165 3950 1217 4020 Pii
1244 3950 1348 4044 quinti

225 4071 245 4138 ‘a
263 4070 436 4140 Pontificis
455 4072 603 4159 maximi,
624 4071 877 4142 exauctoritate
891 4071 1023 4142 concilii
1041 4071 1247 4162 Tridentini,
1259 4074 1346 4159 editi,

228 4217 245 4254 a
263 4187 412 4272 recitari,
429 4185 655 4256 administrari
674 4211 713 4255 ac
730 4187 845 4282 peragi
861 4187 1021 4288 jubemus
1039 4188 1082 4258 ab
1099 4190 1271 4278 omnibus,
1286 4205 1347 4258 tant

227 4331 245 4367 a
264 4303 321 4397 qni
350 4301 383 4368 in
408 4297 571 4386 ecclesiis,
589 4325 690 4393 eninm
720 4303 779 4395 qui
798 4303 957 4396 privatim
981 4303 1074 4372 domi
1100 4329 1168 4374 suae
1191 4305 1227 4374 itl
1248 4302 1343 4374 officii

227 4443 245 4480 a
264 4415 471 4511 persolvunt.
494 4417 565 4487 Nec
582 4439 778 4512 quenquam
799 4419 955 4514 ignorare
972 4419 1129 4512 volumus
1148 4419 1232 4491 nulli
1253 4419 1344 4489 licere
