3004 5070
514 429 562 473 on
584 429 673 476 auae
697 431 905 479 urrunsrco.
1200 407 1274 506 309

148 579 248 649 quam
269 554 305 622 in
331 552 558 648 expendendis
582 555 775 650 praecellere
797 555 895 628 solet.
919 561 960 627 In
986 582 1135 626 errorem
1157 574 1270 628 autem

149 671 308 741 inductus
324 685 388 754 est,
407 695 504 739 exeo
522 670 615 765 quod
633 671 814 741 concilium
832 672 1069 742 Tridentinum
1092 689 1127 742 et
1146 675 1275 768 ipsum·

149 805 218 859 met
239 786 362 857 rituale
384 793 596 872 Romanum,
616 789 765 860 ecclesiis
784 788 926 859 liberum
950 789 1051 858 liciat
1074 791 1186 884 quoad
1210 781 1273 860 ali·

148 931 232 1000 quas
256 929 366 973 sacras
385 905 615 994 caeremonias,
634 907 780 1002 propriis
797 905 1099 975 consuetudinibus
1114 906 1271 1000 obsequi.

148 1025 235 1094 Nam
256 1021 326 1089 istae
343 1019 618 1108 consuetudines,
631 1021 697 1114 hoc
712 1021 787 1118 ipso
805 1020 898 1115 quod
914 1021 947 1088 iu
964 1018 1028 1090 illis
1042 1019 1274 1092 determinatis

149 1153 183 1206 ct
197 1136 408 1232 paucissimis
418 1136 627 1204 caeremoniis
640 1134 758 1206 liberae
767 1135 1015 1230 relinquantur,
1025 1136 1097 1229 jam
1111 1161 1180 1204 non
1193 1153 1275 1206 sunt

150 1267 283 1341 contra,
298 1251 356 1322 sed
367 1250 599 1348 potiusJiasrta
612 1251 1117 1337 ritualellomanum.Unde,ex
1129 1253 1274 1346 eoquod

150 1365 308 1460 quelibet
323 1364 472 1452 ecclesia,
488 1367 523 1434 in
536 1365 732 1458 hujusmodi
746 1365 977 1435 determinatis
993 1390 1012 1433 a
1034 1364 1108 1460 lege
1126 1366 1272 1459 punctis,

149 1482 239 1550 licite
258 1483 364 1576 possit
384 1481 522 1575 propria
540 1481 784 1552 consuetudine
801 1481 862 1571 uti,
880 1479 967 1550 male
981 1480 1154 1550 concludit
1171 1486 1275 1551 Cata·

150 1595 261 1683 lanus,
281 1596 343 1690 ipsi
361 1593 505 1666 liberum
528 1621 600 1666 esse
617 1597 795 1692 proprium
812 1595 933 1666 rituale
951 1621 971 1665 a
986 1601 1142 1666 Romano
1160 1597 1275 1666 diver-

150 1738 224 1782 sum
244 1712 352 1806 sequi.
376 1716 450 1780 Imo
464 1713 674 1782 contrarium
691 1711 894 1783 concludere
915 1712 1099 1802 debuisset,
1118 1714 1198 1806 quia
1219 1738 1276 1780 ex-

150 1828 262 1922 ceptio
287 1826 464 1896 confirmat
483 1827 646 1921 regulam.
667 1827 780 1915 Unde,
800 1829 864 1897 hoc
887 1829 959 1922 ipso
982 1827 1074 1922 quod
1093 1825 1215 1896 rituale
1237 1828 1274 1896 in

150 1939 382 2010 determinatis
400 1941 603 2034 quibusdam
623 1942 726 2010 sacris
742 1942 948 2011 caeremoniis
969 1941 1167 2037 peragendis
1189 1941 1275 2011 libe·

151 2080 226 2124 rum
247 2056 348 2126 faciat
376 2054 441 2123 loci
461 2057 621 2150 probatas
646 2057 907 2126 consuetudines
929 2057 1044 2151 sequi,
1079 2058 1114 2124 in
1145 2058 1275 2127 caeteris

150 2170 308 2242 omnibus
323 2169 483 2267 prohibet
498 2171 648 2242 diversos
662 2172 747 2240 ritus
762 2170 928 2241 adbiberi.

201 2289 319 2382 igitur,
339 2288 469 2356 etiamsi
490 2287 721 2383 reperirentur
740 2285 846 2380 aliqui
864 2285 921 2356 alii
940 2301 1095 2356 auctores
1111 2286 1276 2358 Catalano

151 2404 383 2491 assentientes,
404 2401 617 2496 relinquendi
637 2402 764 2490 forent,
780 2402 825 2470 ob
844 2399 978 2488 relatas,
996 2427 1072 2496 quae
1090 2428 1183 2472 nunc
1197 2428 1278 2472 con·
1315 2405 1319 2414 '

151 2520 351 2588 troversiam
375 2543 511 2587 omnem
532 2517 675 2605 tollunt,
699 2541 800 2586 sacrae
824 2518 1108 2613 Congregationis
1133 2518 1279 2588 declara·

150 2641 271 2704 tiones.

199 2751 290 2819 Hinc
317 2749 454 2818 tandem
481 2747 752 2819 concludendum
780 2750 897 2837 venit,
925 2773 995 2816 non
1024 2771 1096 2816 esse
1123 2745 1278 2837 licitum,

150 2865 280 2961 absque
298 2866 387 2934 sedis
407 2865 606 2962 Apostolicae
622 2863 768 2956 indulto,
790 2864 930 2935 alterius
948 2889 1050 2957 quam
1067 2865 1212 2932 Romani
1230 2865 1279 2932 ri·

152 2979 252 3049 tualis
273 3006 393 3068 usum;
411 2995 445 3050 et
461 2979 589 3074 absque
607 2978 759 3074 ejusdem
780 2978 867 3046 sedis
886 2975 1090 3072 Apostolicae
1108 2976 1278 3065 facultate,

152 3093 278 3163 licitam
302 3095 429 3190 pariter
452 3119 521 3162 noo
545 3118 616 3162 esse
640 3089 743 3161 ullam
764 3093 800 3160 in
822 3089 953 3159 ritualis
968 3091 1112 3159 Romani
1133 3089 1279 3198 formula

152 3209 360 3279 additionem
380 3207 431 3278 vel
453 3211 736 3279 immutationem.

202 3325 450 3394 Consuetudini
470 3351 550 3394 vero
572 3321 755 3393 adhibendi
775 3321 910 3392 ritualia
928 3347 946 3390 a
963 3324 1119 3390 Romano
1137 3322 1281 3410 diversa,

151 3439 204 3508 vel
231 3443 340 3536 ipsum
358 3447 555 3512 Romanum
581 3466 658 3510 cum
683 3437 883 3534 quibusdam
909 3436 1138 3506 additionibus
1160 3451 1194 3504 et
1216 3438 1281 3506 im·

153 3557 410 3643 mutationibus
420 3556 619 3652 applicanda
632 3555 767 3624 videtur
778 3553 932 3622 doctrina
944 3576 1045 3646 quam
1058 3575 1158 3645 supra
1168 3551 1283 3645 quoad

153 3671 357 3740 breviarium
378 3686 411 3741 et
428 3671 560 3741 missale
581 3671 820 3766 exposuimus,
837 3667 1030 3762 hujusmodi
1048 3666 1175 3736 scilieet
1193 3692 1282 3736 con-

155 3787 367 3857 suetudinem
385 3813 452 3856 non
470 3787 671 3855 censendam
688 3812 758 3856 esse
777 3785 924 3879 legitimo
943 3784 1183 3879 praescriptam,
1205 3781 1283 3851 licet

154 3903 351 3998 plusquam
380 3902 646 3998 quadragenaria
665 3903 721 3988 sit,
750 3915 786 3970 et
812 3925 885 3971 eam
913 3924 982 3968 non
1002 3900 1162 3993 ignorans
1189 3896 1283 3966 sedes

154 4017 347 4114 Apostolica
368 4016 498 4087 silendo
516 4015 789 4086 dissimulaverit.
