2982 5072
496 353 543 398 na
568 353 654 400 suas
680 353 884 404 nmuacrco.
1184 337 1251 438 147

131 477 359 550 ia'materiam
380 478 519 548 mitam
536 495 681 576 utraque
699 506 819 554 verum
833 485 891 578 jus
909 485 1031 575 lubet,
1054 501 1089 556 et
1109 490 1252 570 omniun

127 590 288 665 abaltera
299 592 542 688 independens.

176 709 223 776 Et
246 705 383 778 taudem
408 708 607 802 preadictum
628 710 850 806 gallicanismi
876 730 1017 809 systema
1036 717 1251 792 'contradicit

130 820 265 892 decreto
284 825 394 892 Sacrae
415 826 948 924 Congregationis.Propagaudae
975 833 1040 903 diei
1061 859 1080 903 n
1101 837 1253 908 octubris
1276 829 1277 832 ¹

130 935 229 1034 1673,
245 963 265 1008 a
282 938 456 1010 Clemente
469 945 503 1010 X
516 942 717 1014 confirmmo
732 943 821 1031 died
837 948 985 1016 octobris
999 947 1150 1042 ejusdem
1159 952 1254 1044 anni.

131 1051 180 1122 lbi
199 1054 290 1122 euim
310 1053 506 1126 decernitur
519 1056 627 1128 bullas
641 1060 860 1130 Summarum
874 1062 1079 1132 Pontificum
1093 1066 1129 1134 in
1143 1069 1256 1140 lndias

129 1168 260 1259 missas,
277 1184 337 1238 aut
357 1171 394 1240 iu
408 1175 783 1265 pasterummittendae
802 1177 869 1248 vim
883 1175 1058 1272 obligandi
1074 1203 1256 1273 quoscum·

129 1310 195 1382 que
214 1286 364 1376 habere,
385 1287 520 1386 absque
546 1315 719 1362 consensu
745 1291 852 1362 ulb'us
870 1317 1055 1389 perronae,
1080 1296 1256 1395 dignitate

129 1405 239 1474 ettam
256 1405 353 1502 regia
377 1403 646 1502 praefulgentem
669 1421 705 1476 et
731 1409 933 1502 prohibetur
960 1409 1135 1499 omnibus,
1154 1414 1255 1482 etiam

131 1518 305 1613 Episcopis
324 1533 359 1613 et
380 1519 674 1615 Ambiepisnspis,
701 1545 746 1591 ne
772 1523 1174 1618 commuumpublicaoe
1191 1549 1257 1596 an*

129 1634 232 1706 deant
249 1660 260 1704 ¹:
1206 1641 1209 1648 '

180 1754 312 1822 «Sacra
325 1751 552 1846 Congregatie
562 1753 875 1847 propagandaefidei
885 1754 1031 1824 decrevit
1041 1770 1096 1826 :ut
1105 1757 1259 1853 pes·prae·

132 1895 151 1934 a
172 1881 285 1938 sentes
297 1865 437 1956 litteras,
451 1869 610 1938 omnibus
631 1867 777 1964 cujusvis
794 1885 902 1940 status
916 1885 950 1940 et
962 1873 1177 1962 conditionis,
1189 1876 1258 1946 sive

133 2011 150 2048 a
172 1981 266 2052 laicis
289 1979 503 2054 sacularibus
517 1997 583 2054 ant
594 1982 829 2078 regularibus,
849 1985 951 2053 etiam
964 1987 1144 2056 Societatis
1154 1989 1255 2079 Jesu,

135 2127 152 2166 a
171 2099 353 2170 sireetiam
370 2099 553 2193 Episcopis,
575 2099 849 2194 Archiepiscopis
863 2112 898 2168 et
913 2123 1126 2194 quacumque
1142 2102 1256 2198 digni·

134 2240 154 2285 <r
175 2230 242 2284 tate
256 2211 480 2284 ecelesiastica
498 2214 676 2301 decoratis,
694 2213 929 2284 declareturet
940 2215 1258 2312 significeturquud

135 2329 274 2402 abnllae
300 2332 363 2402 SS.
391 2329 597 2400 Pontificius
620 2332 656 2402 in
679 2331 793 2401 indias
811 2321 890 2424 ¹jam
909 2332 1038 2419 missae,
1066 2347 1101 2402 et
1118 2336 1154 2402 in
1177 2359 1256 2428 pas·

134 2465 286 2520 aterum
315 2447 511 2537 mittendas,
537 2473 577 2519 en
606 2473 644 2518 se
676 2449 746 2517 vim
771 2448 926 2518 babeant
949 2447 1122 2544 obligandi
1152 2475 1256 2546 quus·

135 2593 152 2629 a
170 2589 332 2662 cumque,
351 2563 478 2658 absque
493 2587 661 2634 censensu
676 2562 777 2634 ullius
796 2589 948 2658 persona
961 2564 1257 2640 ecclesiasticave!

135 2679 343 2751 «saecularis
365 2703 581 2775 quocumque
610 2678 712 2750 titulo
742 2695 778 2749 et
802 2679 996 2774 dignitate,
1020 2684 1123 2752 etiam
1137 2685 1256 2777 regia,

130 2823 151 2860 a
173 2792 423 2890 praefulgentis;
447 2795 605 2888 probibet
628 2795 791 2865 omnibns
811 2795 1055 2890 cujuscumque
1085 2811 1197 2867 status
1222 2814 1258 2869 et

135 2939 151 2977 a
172 2897 397 2996 conditionis,
412 2909 482 2979 sive
491 2907 583 2980 laicis
599 2908 815 2980 secularibus
832 2925 893 2978 aut
913 2909 1136 3004 regularibus,
1152 2912 1257 2980 etiam

134 3055 151 3093 a
173 3025 350 3097 societatis
366 3025 459 3112 Jesu,
481 3024 669 3118 Episcopis,
692 3023 965 3119 Archiepiscopis
993 3038 1026 3094 et
1044 3043 1258 3120 quacumque

133 3169 151 3208 a
170 3141 339 3237 dignitate
358 3139 540 3228 decoratis,
559 3163 601 3208 ne
620 3139 656 3206 in
676 3153 866 3233 pasterum,
881 3163 942 3232 per
961 3163 1003 3208 se>
1014 3138 1067 3209 vel
1086 3165 1147 3236 per
1163 3139 1258 3232 alios,

134 3284 151 3322 a
170 3256 321 3326 audeant
336 3251 509 3350 publicare
523 3253 714 3350 pontificias
729 3249 837 3347 bullas
848 3253 974 3348 absque
988 3255 1090 3348 Regis
1102 3253 1261 3329 aliarum·

134 3399 151 3437 a
172 3396 240 3465 que
264 3394 485 3464 personarum
500 3393 669 3440 consensu
687 3393 757 3438 non
774 3366 939 3460 obligare.
958 3367 1063 3456 Quod
1085 3368 1259 3439 decretum

133 3515 150 3553 a
171 3485 376 3582 approbavit
389 3483 545 3556 Clemens
561 3487 610 3571 X,
634 3483 825 3570 doctobris
850 3479 954 3578 1673.
972 3511 989 3548 r>
1010 3481 1075 3576 (Ex
1095 3508 1260 3579 compen·

129 3601 186 3672 dio
204 3603 364 3697 excerpto
382 3627 401 3670 e
420 3600 574 3696 plurimis
587 3605 806 3688 Summorum
824 3598 1029 3668 Pontificum
1046 3601 1260 3672 constitutio·

131 3717 243 3800 nibus
260 3719 508 3811 sacrarumque
528 3715 843 3810 Congregationum
863 3714 1006 3784 decretis
1026 3715 1069 3782 ad
1094 3740 1191 3784 usum
1212 3717 1263 3785 vi-

129 3835 302 3906 cariorum
315 3832 606 3930 apostolicorum,
629 3833 774 3904 Lutetia
793 3832 1020 3920 Parisiorum,
1036 3857 1132 3902 annu
1158 3833 1263 3931 12837,

128 3967 221 4046 part.
241 3976 274 4039 r,
288 3975 363 4045 cap.
386 3975 406 4020 r
420 4000 432 4038 ,
448 3975 485 4046 p·
499 3946 551 4045 ὅ.)
568 3951 675 4018 Purra
688 3948 949 4042 juxta‘systcma
962 3945 1184 4042 gallicanisasi
1191 3973 1264 4018 mo·

130 4065 264 4153 daran,
283 4066 317 4134 in
332 4065 486 4142 materiis
500 4065 611 4134 mixtis
626 4064 716 4132 circa
734 4061 966 4156 disciplinam,
980 4063 1261 4158 genemliterdici

131 4207 202 4252 non
215 4197 327 4278 posset
342 4207 402 4276 per
414 4178 522 4262 bullas
535 4179 726 4276 pontificias
742 4177 986 4272 obligationem
1003 4180 1117 4249 induci
1134 4179 1263 4273 absque

132 4298 222 4394 regis
242 4319 431 4389 censebam
445 4311 480 4368 et
502 4294 623 4366 falsum
645 4296 773 4392 pariter
785 4309 869 4364 esset
884 4317 946 4390 per
958 4319 1013 4364 aas
1032 4293 1141 4363 bullas
1156 4317 1262 4391 quos·

125 4434 283 4512 rumque
297 4411 457 4511 obligari,
474 4411 639 4511 siquidem
653 4412 751 4511 juxta
774 4411 903 4488 dictum
926 4423 1070 4509 systema
1086 4433 1159 4480 non
1180 4409 1264 4480 obli·

1031 4549 1093 4628 103
