2982 5072
492 383 538 428 DE
562 381 649 430 June
678 385 881 436 utrumme.
1181 389 1245 434 tat

115 503 255 574 directis
270 506 369 576 etiam
385 508 595 603 argumentis
618 510 849 603 protestantiei
871 508 960 580 illius
975 512 1161 606 systematis
1176 512 1250 582 ina·

117 621 260 690 nitatem
282 636 317 691 et
343 619 521 693 salsitatem
542 625 810 718 patefaciendam
823 625 992 696 duximus.

644 875 718 966 §¹-

171 1081 336 1137 Snbrertilur
348 1083 486 1156 ipurmmet
499 1082 715 1157 principiumque
727 1091 811 1140 totum
824 1083 916 1142 nititur
927 1085 1061 1160 molstum
1075 1093 1193 1159 systema.

165 1294 296 1362 Errant
315 1306 542 1386 protestantes
559 1293 593 1361 in
618 1291 809 1363 definienda
831 1308 865 1364 et
884 1292 1102 1388 intelligenda
1122 1293 1250 1364 Christi

123 1405 299 1494 Ecclesia3
325 1421 427 1502 atque
444 1409 480 1476 in
495 1433 533 1476 ea
553 1406 635 1478 falsa
646 1407 786 1478 notione
806 1423 840 1478 et
862 1408 1057 1478 delinitione
1071 1423 1180 1480 totum
1200 1435 1253 1478 rn-

117 1523 254 1592 dicatur
268 1547 388 1592 eorum
410 1522 452 1592 de
462 1523 540 1617 jure
556 1521 713 1617 liturgico
723 1538 879 1618 systema.
897 1528 1032 1620 Negant
1050 1523 1177 1595 seilicet
1195 1549 1251 1594 rc·

119 1661 191 1706 ram
206 1637 336 1708 Christi
349 1635 532 1708 Ecclesiam
551 1652 707 1711 constare
722 1639 925 1710 auctoritate
935 1639 1045 1734 aliqua
1064 1655 1203 1734 regente
1216 1656 1251 1710 ct

118 1751 278 1822 fidelibus
296 1752 375 1822 huic
395 1754 590 1824 auctoritati
609 1753 790 1847 subjectis3
807 1769 842 1825 et
864 1753 985 1824 volunt
999 1780 1072 1826 eam
1087 1754 1134 1824 nil
1157 1754 1250 1825 uliud

116 1893 188 1938 esse
204 1870 494 1962 quamipsammet
508 1869 816 1954 collectioncm‚seu
836 1869 1017 1969 collegium
1033 1875 1088 1964 (ut
1100 1873 1251 1961 vocant),

118 1991 273 2062 fidelium
298 1992 460 2063 articulos
493 1991 572 2062 fidei
600 1993 909 2064 fundamentalesa
936 1996 1078 2066 Christo
1107 1996 1251 2066 traditos

117 2107 367 2203 profitentium.
386 2111 488 2198 Hinc,
507 2113 605 2202 juxta
631 2133 749 2178 eorum
780 2108 914 2204 placita,
938 2108 1067 2178 nullam
1091 2110 1250 2181 Christus

117 2221 277 2291 Ecclesiae
296 2247 364 2292 sure
380 2223 531 2319 praefecit
554 2224 790 2294 auctoritatem
806 2223 850 2292 ad
866 2223 1054 2292 docendam
1070 2238 1105 2292 et
1124 2223 1248 2317 guber-

118 2339 268 2407 nandam
278 2337 427 2406 lidelium
444 2339 712 2429 multitudinem,
727 2338 859 2409 nullum
869 2340 1094 2410 sacerdotium
1105 2339 1248 2409 adsacra

118 2453 347 2542 conficienda,
364 2455 461 2547 cujus
480 2455 670 2526 ministerio
684 2470 973 2525 sacramentorum
993 2455 1159 2524 vivificam
1178 2457 1248 2525 vim

118 2567 237 2663 populi
250 2570 451 2664 reciperent.
462 2572 583 2639 Omnis
595 2569 1027 2667 proindelegislatiracirca
1036 2570 1249 2667 disciplinam

119 2698 269 2778 potestas
280 2707 381 2776 penes
397 2700 503 2753 totam
511 2683 662 2755 fidelium
677 2685 913 2756 collectionem
922 2686 1060 2774 residet,
1075 2702 1111 2756 ct
1127 2713 1166 2756 ex
1180 2713 1252 2756 om-

119 2802 214 2870 nium
252 2825 419 2868 consensu
451 2801 588 2895 pendet.
611 2801 712 2872 Unde
739 2803 880 2871 dumah
898 2804 938 2872 iis
970 2805 1248 2896 protestantibus,

119 2941 205 3008 quos
220 2914 511 3004 lrieconfutamus‚
521 2916 726 3006 declaratur,
738 2916 1013 2988 determinandae
1020 2919 1172 3016 liturgiae
1179 2919 1250 3015 jus

120 3031 171 3100 ud
191 3030 391 3102 Ecclesium
414 3035 605 3128 pertinere,
634 3058 703 3102 non
739 3032 830 3102 aliud
858 3033 1115 3129 intelligendum
1139 3036 1245 3126 venit,
1367 3033 1370 3042 ’

119 3171 223 3240 quam
240 3145 293 3216 ud
303 3146 803 3244 nrultitudtiremfideliumjus
821 3147 914 3218 itaut
920 3165 1096 3244 spectare.

166 3266 217 3332 Ut
235 3287 317 3356 ergo
340 3264 475 3356 penitus
492 3263 708 3333 subvertatur
732 3263 925 3356 hujusmodi
946 3279 1103 3358 systema,
1121 3263 1248 3334 suflicit

119 3403 237 3448 serum
255 3378 480 3446 demonstrari
490 3380 694 3472 principium
710 3378 933 3466 contrarium,
953 3402 1096 3470 nempe:
1116 3402 1135 3444 a
1152 3379 1250 3448 Clari·

118 3507 170 3562 sto
198 3489 357 3562 Ecclesiae
377 3493 592 3587 propositam
611 3491 710 3560 fuisse
738 3491 972 3560 auctoritatem
999 3514 1074 3583 quse
1094 3488 1245 3559 fidelium

120 3606 286 3702 populum
307 3622 450 3704 regeret,
477 3610 575 3702 eique
589 3606 758 3678 credenda
775 3621 809 3675 et
832 3605 983 3677 facienda
1002 3606 1245 3700 praescriberet.

118 3726 226 3792 Porro
246 3723 450 3818 principium
475 3723 579 3808 istud,
598 3737 671 3792 turn
690 3747 731 3792 ex
746 3721 923 3815 Scriptura
943 3745 1052 3809 sacra,
1065 3735 1138 3790 tum
1157 3721 1248 3791 facto

118 3836 282 3906 historico
303 3837 420 3908 forrnae
444 3861 592 3932 quanta
622 3838 739 3932 primis
756 3835 886 3907 secutis
911 3835 1063 3906 exhibuit
1078 3834 1243 3920 Ecclesia,

118 3977 238 4022 rerum
258 3953 382 4020 invicte
399 3952 664 4022 demonstratur.
1218 4047 1220 4050 Ι

165 4070 196 4136 l.
217 4051 261 4136 Ei
288 4065 558 4160 primoquidem
588 4065 621 4135 id
644 4081 760 4159 aperte
782 4078 951 4134 testantur
969 4065 1166 4158 Scripturas.
1192 4103 1243 4119 -·

124 4189 158 4248 1⁰
184 4181 286 4248 Enim
317 4180 469 4250 referunt
486 4179 708 4252 Ecclesiama
732 4178 870 4252 Christo
899 4179 1117 4250 constitutam
1143 4179 1247 4250 fuisse

119 4295 407 4366 eumlormaouila'
418 4298 568 4392 propria.
585 4301 690 4368 Porro
706 4312 804 4392 typus
816 4295 883 4384 ille,
893 4294 969 4366 licet
979 4293 1244 4390 tuetapltoricus,

119 4413 230 4509 arguit
247 4411 439 4507 plenissime
450 4414 563 4484 essein
579 4411 727 4484 Ecclesia
737 4410 884 4508 aliquem
904 4412 959 4480 cui
977 4422 1148 4504 competat
1163 4432 1244 4480 vera
