2978 5076
249 375 317 448 ¹9²
693 371 904 420 mcrarus

244 501 375 587 ctione,
400 499 523 568 sensim
546 499 619 566 sine
642 522 744 567 sensu
770 497 907 593 liturgia
936 501 1091 566 Romana
1114 523 1135 568 a
1162 500 1310 593 puritate
1337 517 1371 570 et

246 616 378 684 unitate
395 615 507 682 Pianae
525 612 777 682 reformationis
789 611 976 706 aliquando
993 612 1184 682 defecisset.

296 734 384 800 Hinc
404 745 539 799 sanctus
563 729 646 797 Pius
674 732 703 798 V
733 731 780 796 ita
801 730 1005 798 breviarium
1029 745 1063 798 et
1093 725 1226 799 missale
1253 757 1374 825 recog·

246 849 356 916 uitam
372 843 519 914 ecclesiis
536 842 698 936 injunxit,
712 856 751 910 ut
769 841 871 911 simul
889 842 944 935 jus
968 866 1069 911 omne
1088 841 1253 912 ademerit
1273 844 1376 937 quid·

245 988 348 1058 quam
368 959 514 1030 addendi
533 974 638 1052 atque
656 956 872 1026 immutandi.
885 956 990 1044 Quod
1009 969 1042 1025 et
1058 956 1138 1025 dein
1159 955 1216 1025 alii
1236 959 1378 1027 Pantili-

246 1104 302 1148 ces
315 1077 455 1146 effecere
471 1073 586 1169 quoad
602 1072 807 1168 pontificale,
821 1071 945 1141 rituale
959 1085 995 1141 et
1007 1072 1249 1142 caeremoniale.

296 1195 406 1262 Porro
426 1215 559 1258 summe
581 1187 787 1258 attendenda
801 1201 851 1256 cst
865 1187 922 1256 illa
939 1186 1133 1281 legislativae
1151 1189 1187 1256 iu
1207 1212 1259 1257 res
1272 1187 1376 1256 litur-

247 1309 338 1404 gicas
359 1306 534 1400 potestatis
555 1304 809 1390 restrictio;.er
825 1327 893 1397 qua
915 1319 1027 1372 toturn
1052 1305 1218 1399 nunejus
1238 1303 1375 1397 liturgi-

247 1449 325 1494 cum
344 1419 624 1517 perpendeudum
647 1434 751 1514 atque
774 1419 1067 1488 determinandum
1086 1435 1147 1490 est.
1164 1423 1256 1490 Dum
1282 1421 1374 1488 enirn

247 1553 326 1608 ante
342 1539 446 1607 Piana
461 1536 595 1604 decreta
615 1559 750 1628 semper
765 1550 962 1627 potuerant,
972 1534 1023 1604 vel
1042 1535 1206 1604 ordinarii
1221 1534 1377 1604 ecclesia·

248 1679 325 1724 rum
344 1651 484 1747 praelati,
498 1649 550 1719 vel
567 1649 684 1718 saltem
704 1649 845 1719 concilia
866 1650 1085 1744 provincialia
1102 1665 1162 1721 aut
1176 1651 1374 1746 regionalia,

248 1768 377 1863 aliquid
404 1792 467 1861 pro
493 1780 685 1859 temporum
719 1767 987 1860 opportunitate,
1013 1767 1234 1836 substantiam
1263 1782 1377 1835 tamen

248 1908 317 1952 non
341 1881 506 1964 afficiens,
526 1878 651 1949 addere
674 1876 727 1948 vel
751 1882 934 1975 corrigere,
953 1879 1025 1973 jam
1052 1897 1221 1952 reservato
1245 1885 1379 1952 Sanctae

249 1998 328 2069 Sodi
354 1999 448 2068 omui
475 1993 671 2091 hujusmodi
703 1997 979 2065 immutationum
1002 1996 1091 2090 jure,
1118 1996 1203 2066 nihil
1235 2013 1380 2091 possunt

249 2117 387 2209 propria
403 2114 605 2182 auctoritate
622 2112 812 2182 decernere.
828 2113 1026 2182 Reservatio
1047 2125 1160 2181 autem
1179 2113 1378 2206 hujusmodi

250 2233 297 2300 ita
318 2230 417 2300 claris
437 2215 590 2298 terminis
605 2253 761 2321 expressa
778 2242 842 2315 est,
857 2243 896 2296 ut
922 2226 1006 2297 nulli
1030 2243 1143 2322 patrat
1164 2227 1379 2324 ambiguitati

250 2346 366 2416 loeus:
384 2373 401 2409 a
420 2347 615 2414 Statuentes
637 2344 844 2412 breviarium
865 2345 975 2439 ipsum
1000 2341 1095 2412 nullo
1117 2369 1268 2438 unquam
1293 2358 1379 2412 tem-

250 2491 268 2526 o
282 2487 365 2557 pore
388 2459 439 2528 vel
462 2462 496 2528 in
512 2475 622 2529 totum
642 2458 694 2530 rel
709 2485 750 2528 ex
769 2475 865 2554 parte
885 2459 1099 2550 mutandum,
1123 2459 1175 2529 vel
1196 2461 1228 2528 ei
1248 2459 1379 2553 aliquid

198 2645 201 2648 .
250 2575 473 2645 «addendum
502 2574 554 2642 vel
585 2576 726 2643 omnino
754 2571 1001 2644 detrahendum
1029 2600 1112 2646 esse.
1141 2604 1159 2640 s
1189 2577 1273 2644 «Ac
1298 2575 1380 2644 huic

251 2721 268 2756 a
283 2691 406 2760 missali
421 2706 539 2759 nostro
555 2716 664 2785 nuper
683 2691 786 2776 edito,
815 2690 899 2760 nihil
925 2717 1074 2786 unquam
1097 2691 1304 2781 addendum,
1320 2693 1378 2762 de·

253 2805 486 2881 «trahendum
503 2819 563 2874 aut
585 2805 837 2874 immutandum
854 2805 1080 2896 decernendo,
1095 2808 1158 2877 sub
1175 2807 1381 2904 indignatio·

251 2950 269 2986 a
283 2923 335 2992 nis
357 2938 481 2991 nostrae
495 2947 607 3016 poena,
624 2922 804 2990 statuimus
819 2937 853 2990 et
868 2921 1080 2993 ordinamus.
1098 2951 1116 2987 a

299 3043 456 3111 instituta
467 3055 628 3137 praterea
638 3041 760 3110 aSixto
769 3043 802 3109 V
816 3063 990 3109 sacrorum
1004 3043 1133 3110 rituum
1146 3042 1380 3136 congregatio,

72 3179 76 3190 ·
162 3141 172 3160 ⁸
249 3143 378 3226 et'data
396 3157 426 3224 ei
450 3170 596 3249 potestas
615 3172 718 3251 atque
736 3156 922 3225 auctoritas
939 3171 978 3224 ut
992 3180 1242 3251 quamcumque
1261 3155 1381 3225 altera·

251 3273 378 3340 tionem
400 3293 659 3365 aquocumque
682 3270 911 3340 introductam
934 3273 1120 3368 corrigeret
1141 3286 1245 3366 atque
1263 3269 1381 3364 prolli-

252 3401 358 3482 garet.

259 3551 261 3558 -
300 3503 403 3573 Sedes
426 3527 509 3598 ergo
534 3499 739 3595 Apostolira,
766 3501 864 3595 cujus
886 3515 980 3572 certa
1003 3517 1053 3571 est
1080 3500 1306 3572 universalem
1330 3525 1381 3568 re·

253 3618 356 3713 gendi
379 3617 560 3688 Ecclesiam
589 3616 688 3712 plena
714 3631 748 3685 et
766 3641 922 3711 suprema
943 3632 1100 3712 potestas,
1123 3644 1208 3713 quar,
1230 3643 1301 3712 pro¹
1318 3617 1381 3686 lroc

254 3734 316 3802 sibi
338 3759 358 3803 a
376 3733 514 3803 Christo
533 3732 658 3802 tradito
680 3757 839 3827 supremo
853 3732 943 3826 jure,
961 3733 1030 3827 jam
1051 3735 1094 3802 ab
1110 3731 1269 3803 Ecclesiae
1287 3757 1384 3800 exors·

255 3848 319 3918 diis
333 3851 497 3943 potuisset
517 3873 652 3919 omnem
674 3847 894 3942 legislativum
917 3849 952 3918 in
973 3875 1027 3918 res
1048 3848 1221 3945 liturgicus
1242 3848 1384 3919 faculta-

256 3977 324 4030 tem
338 3964 381 4033 ad
399 3987 435 4034 se
449 3989 619 4051 revocare,
635 3987 710 4057 quae
729 3978 842 4034 tamen
860 3964 976 4033 inultis
996 3963 1123 4034 saeculis
1142 3963 1289 4059 liturgia
1306 3988 1384 4031 mo-

255 4077 462 4149 derationem
492 4079 644 4150 locorum
675 4079 856 4150 ordinariis
878 4103 918 4148 ex
941 4095 1038 4175 parte
1057 4080 1222 4176 permisit,
1247 4079 1383 4148 decimo

256 4209 350 4264 sexto
369 4196 505 4266 tandem
524 4195 645 4265 seculo
666 4209 900 4290 opportunum
921 4195 1018 4265 duxit
1032 4197 1089 4291 jus
1105 4195 1301 4290 liturgicum
1319 4194 1385 4262 sibi

254 4311 404 4382 strictius
423 4335 594 4384 reservare
611 4311 703 4382 etde
724 4311 814 4382 facto
828 4313 1026 4386 reservavit.
