2978 5076
515 387 561 432 DE
584 381 670 433 sslRE
695 383 899 434 trt'ruttGmO.
1194 395 1267 468 Μ’]

144 545 163 583 «
185 517 274 586 rium
293 513 510 584 adsumere...
542 508 643 596 Hinc,
671 528 710 582 nt
734 513 872 608 prppria
895 512 945 583 rel
973 514 1154 610 peculiaria
1181 543 1270 613 quo·

144 662 162 697 «
181 629 337 700 rumdam
358 641 553 697 sanctorum
567 625 679 696 officia
694 623 818 696 alicubi
832 629 967 697 recitari
979 631 1121 724 possint,
1134 633 1271 727 speciali

146 775 163 811 α
183 751 344 816 Romanae
356 739 454 827 sedis,
482 765 541 810 scu
552 741 833 836 Congregationis
846 745 986 814 Rituum
1008 745 1098 815 adid
1113 745 1274 844 delegatae

144 891 165 926 e
181 859 432 956 dispensatione
444 881 532 952 opus
560 872 611 926 est
634 885 652 922 n
677 857 815 952 (Petrus
839 856 1042 930 Bellerinius
1065 865 1099 930 in
1118 889 1179 933 sua
1202 865 1273 934 edi·

145 979 240 1048 tione
251 979 285 1046 S.
298 974 474 1060 Antonini,
490 973 523 1041 in
535 987 614 1041 nota
626 971 840 1067 adpoginam
864 977 967 1061 1014,
979 977 1063 1044 tomi
1086 976 1146 1071 Il).

196 1093 312 1163 XVII.
336 1091 507 1158 Decuma
518 1088 627 1176 Bissi,
644 1088 862 1157 cessaream
878 1089 1075 1159 mnnnclu‘:

202 1235 220 1271 ι
236 1205 445 1274 Breviorium
469 1207 661 1273 Romanum
683 1203 718 1272 in
738 1203 935 1272 recitatione
950 1203 1056 1272 divini
1082 1205 1186 1275 officii
1203 1231 1275 1276 esse

149 1319 418 1391 «adhibendum
445 1320 488 1387 ab
506 1316 663 1413 obligatis
694 1319 737 1386 od
764 1318 863 1388 lroras
896 1313 1088 1409 canonicas,
1117 1333 1210 1416 patet
1234 1349 1276 1391 ex

152 1467 173 1502 ι
189 1437 298 1506 tribus
322 1432 422 1502 bullis
448 1433 545 1504 initio
567 1433 724 1502 breviarii
752 1433 908 1528 prailius,
935 1438 972 1504 lt
995 1433 1121 1505 seilicet
1150 1437 1202 1508 Pii
1231 1441 1275 1525 V,

152 1581 172 1618 e
188 1550 373 1621 Clementis
389 1551 471 1620 viu
491 1563 524 1617 et
542 1549 674 1620 Urbani
699 1552 800 1636 VIll;
820 1548 919 1617 etita
946 1563 1067 1620 notant
1086 1544 1278 1622 communi·

153 1697 172 1731 n
189 1683 243 1736 ter
260 1666 453 1735 doctores..
473 1664 700 1760 Excipiuntur
716 1664 758 1732 ab
778 1663 844 1734 luc
860 1662 989 1757 regula,
1008 1663 1056 1733 illi
1075 1679 1144 1734 tem
1163 1665 1276 1736 clerici

154 1779 365 1852 «saeculares
384 1804 487 1873 quom
518 1777 703 1874 regulares,
725 1779 785 1872 qui
812 1777 943 1848 diverso
967 1779 1137 1853 breviario
1165 1807 1185 1852 a
1208 1787 1278 1852 Ro·

152 1923 175 1968 (ι
190 1921 292 1966 mano
314 1894 412 1964 linere
426 1891 516 1962 soliti
537 1894 586 1961 uti
605 1892 759 1961 duceretis
779 1894 879 1964 annis
895 1909 976 1964 ante
994 1896 1091 1964 Pium
1116 1901 1184 1966 V...
1209 1901 1279 1969 No·

156 2041 175 2077 ι
194 2009 336 2082 tandum
357 2007 449 2104 quotl
474 2007 659 2103 supradicti
678 2008 825 2101 exempti
857 2024 1010 2102 possunt,
1039 2011 1067 2078 si
1094 2011 1141 2078 eis
1155 2011 1277 2105 placet,

156 2157 175 2195 a
194 2127 335 2224 proprio
351 2123 518 2192 breviario
541 2121 670 2209 relicto,
690 2127 882 2192 Romanum
898 2122 1066 2217 amplecti,
1090 2140 1127 2192 ut
1149 2124 1280 2222 colligi-

154 2273 176 2309 a
197 2259 309 2312 turex
336 2237 455 2309 ffldem
479 2235 614 2308 bullo...
639 2238 757 2326 Quare
789 2237 892 2306 habes
922 2233 1023 2330 quod¹
1044 2265 1085 2306 ex
1115 2265 1280 2310 consensu

159 2389 177 2426 α
193 2357 349 2454 Episcopi
368 2373 401 2427 et
417 2351 568 2450 capituli,
584 2353 727 2446 quisquc
745 2377 786 2420 ex
811 2350 1033 2448 mirilegintis
1055 2370 1166 2448 potest
1183 2355 1279 2448 juxta

159 2476 391 2542 «Romanum
416 2468 623 2541 breviarium
644 2467 823 2536 recitare...
843 2470 894 2537 Ex
913 2469 1147 2562 suppositione
1168 2485 1281 2540 autem

159 2617 179 2654 u
196 2587 289 2682 quod
303 2588 375 2681 jam
396 2585 622 2680 approbatum
642 2581 745 2651 fuerit
763 2586 969 2672 Romanum,
994 2609 1064 2654 non
1084 2585 1229 2680 amplius
1244 2586 1285 2656 li·

160 2734 178 2769 «
194 2718 250 2773 cet
273 2717 406 2772 mutere
424 2705 616 2773 Romanum
642 2699 679 2766 in
709 2721 807 2768 suum
840 2697 1009 2794 peculiare
1031 2703 1229 2796 antiquum3
1251 2720 1287 2773 et

163 2848 181 2885 a
198 2815 298 2888 talem
323 2843 392 2886 esse
417 2840 552 2885 sensum
579 2811 681 2883 bullae
711 2813 898 2884 ostendunt
919 2818 1054 2904 Suarer,
1070 2820 1282 2890 Bonuciua...

163 2960 181 3004 c
198 2933 251 3003 Ad
268 2930 527 3028 intelligentiam
547 2929 749 3015 notandum,
769 2930 871 2998 verba
894 2929 995 2998 bullae
1016 2931 1129 3023 quoad
1150 2957 1207 3000 eos
1228 2935 1286 3026 qui

159 3075 184 3114 α
202 3072 263 3144 per
277 3046 441 3115 ducentos
461 3069 569 3114 annos
586 3058 665 3112 ante
685 3045 782 3112 Pium
801 3045 831 3112 V
851 3043 999 3112 habuere
1021 3039 1190 3138 peculiare
1208 3046 1288 3114 bre·

165 3190 184 3232 u
200 3162 345 3232 riarium
375 3151 445 3230 dun
469 3159 659 3254 exprimere
683 3181 692 3222 τ
712 3157 876 3252 primum,
894 3157 989 3252 quod
1016 3184 1084 3228 non
1107 3174 1290 3229 teneantur

162 3277 339 3374 «proprio
362 3277 504 3369 antiquo
527 3273 646 3344 relicto
665 3276 855 3343 Romanum
876 3297 1068 3344 assumere:
1088 3275 1287 3365 seeundum,

164 3427 183 3462 a
199 3393 328 3489 quodsi
336 3393 383 3460 eis
394 3391 502 3486 magis
519 3389 804 3486 placeat,possint
814 3391 956 3486 proprio
970 3389 1088 3461 relicto
1098 3396 1289 3462 Romanum

161 3539 185 3576 n
205 3510 368 3603 accipere,
388 3531 469 3576 cum
489 3529 655 3576 consensu
678 3519 790 3575 tamen
818 3505 976 3600 Episcopi
1001 3519 1036 3574 et
1057 3504 1208 3600 capituli.
1227 3508 1290 3575 His

165 3655 186 3691 <r
202 3625 333 3719 positis,
365 3645 458 3717 pono
489 3619 578 3690 hanc
596 3618 848 3690 conclusionem
873 3623 1079 3716 :Exempti,
1101 3623 1165 3718 qui
1186 3645 1291 3690 suum

164 3767 187 3804 α
203 3738 410 3808 brevian'um
433 3759 503 3807 non
526 3749 665 3806 nectunt
682 3739 719 3805 in
746 3741 945 3807 Romanum
971 3761 1051 3806 eum
1077 3735 1191 3806 debito
1204 3761 1289 3805 eon·

166 3877 321 3940 «sensti,
350 3875 421 3921 non
441 3867 595 3948 possunt
622 3853 677 3920 uti
699 3853 771 3922 nr'si
790 3853 950 3948 propn'c,
985 3852 1116 3922 relicto·
1132 3877 1291 3924 rontano.

166 3999 186 4036 n
205 3969 311 4059 Quod
333 3969 384 4038 sic
400 3968 513 4063 probo
532 3993 540 4036 :
558 3983 791 4061 non-possunt
819 3970 869 4036 uti
896 3972 1054 4037 Romano
1074 3967 1140 4037 nisi
1166 3970 1293 4038 virtute

170 4116 186 4151 n
206 4084 307 4155 bullae
328 4085 377 4153 Pii
396 4086 447 4170 V;
467 4082 525 4152 sed
548 4083 604 4152 hic
618 4083 775 4154 Pontifex
792 4083 827 4151 in
847 4107 905 4154 sua
924 4081 1020 4160 hulla.
1038 4081 1221 4180 vultquod
1236 4111 1296 4178 ap·

169 4201 353 4296 «probent
380 4202 574 4268 Romanurn
604 4221 682 4267 cum
712 4196 834 4267 debitis
859 4199 1081 4269 consensibus
1114 4215 1218 4269 uteo
1244 4202 1295 4270 uti

166 4343 188 4380 n
209 4314 359 4410 possint;
381 4337 462 4406 ergo
483 4313 545 4381 nisi
568 4336 646 4383 cum
675 4311 843 4407 requisitis
864 4314 1295 4384 consensibusuomanun

163 4459 186 4496 n
203 4430 387 4525 recipiant,
415 4442 575 4497 tenentur
594 4429 735 4497 recitare
758 4428 856 4522 juxte
882 4449 979 4498 suum
1009 4427 1178 4524 peculiare
1207 4430 1296 4496 auti·

1070 4540 1122 4612 15.
