3018 5070
219 327 267 412 44
675 342 878 392 catenarus

219 471 469 570 (propositione
483 467 540 564 δ’)
552 469 724 564 quomodo
736 469 928 540 Tridentini
947 473 1062 540 Patres
1083 468 1349 544 existimaverint

218 613 319 684 posse
347 612 389 657 ex
417 584 554 680 liturgia
583 589 740 654 Romana
766 586 942 655 veritatem
970 585 1169 680 dogmatum
1198 588 1350 681 rigorose

220 701 389 773 concludi.
418 704 509 770 Dum
537 699 628 769 euim
647 701 781 794 ipsimet
801 701 966 770 rationem
985 700 1068 772 daut
1094 727 1155 771 cur
1181 703 1275 771 omni
1296 707 1354 772 er·¹

221 841 298 887 rore
329 816 501 910 perussit·
526 839 634 884 canon
659 816 785 906 missa,
805 814 885 886 licet
911 817 1107 887 aRomanis
1127 817 1351 888 Pontificibus

220 932 365 1000 maxima
379 955 421 998 ex
445 943 541 1022 parte
558 923 735 1000 ordinatus
756 945 790 1000 et
809 932 1032 1017 constitutus,
1050 934 1097 1000 ita
1116 946 1292 1026 arguunt:
1311 937 1350 1002 Is

221 1047 315 1114 enirn
336 1059 496 1131 canstat,
510 1067 590 1114 aim
609 1070 656 1114 ex
675 1046 762 1141 t'psis
776 1047 923 1115 Domini
934 1044 1079 1136 verbis,
1096 1051 1171 1116 tum
1185 1071 1232 1115 cc
1246 1049 1349 1141 Apo-

151 1153 153 1156 ’
220 1159 385 1229 stolorum
408 1157 671 1250 traditionibus,
688 1185 733 1230 ac
752 1175 954 1230 sanctornm
970 1184 1113 1257 quoqne
1133 1163 1243 1230 Ponti
1268 1185 1349 1231 cnm

214 1277 292 1371 piis
323 1273 610 1346 institutionibus.
641 1277 819 1344 Minimum
850 1275 991 1344 canonis
1007 1290 1154 1369 partem
1182 1291 1352 1367 occupant

221 1390 325 1459 verba
353 1391 538 1484 Scripturas
559 1413 660 1459 sacrae
682 1404 719 1459 et
748 1389 872 1474 tradita
899 1389 942 1458 ab
965 1389 1147 1484 apostolis:
1171 1391 1352 1458 maximam

224 1505 393 1572 orationes
417 1503 613 1573 aRomanis
631 1503 853 1572 Pontificibus
870 1503 1045 1573 institutae.
1067 1507 1133 1582 Eae,
1145 1519 1259 1572 tamen
1275 1506 1365 1572 ora·'

225 1620 351 1707 tiones,
368 1643 414 1686 ex
434 1621 648 1708 curatione,
671 1618 763 1712 quod
783 1619 830 1688 sic
845 1618 972 1687 fuerint
992 1619 1028 1688 in
1048 1617 1221 1712 liturgiam
1238 1632 1354 1687 aucto·

224 1733 324 1802 ritate
355 1732 532 1825 pontificia
561 1733 783 1821 introducta,
806 1731 1020 1803 definiuntur
1049 1732 1092 1801 ab
1115 1733 1209 1801 omni
1238 1757 1355 1802 errore

225 1849 402 1916 immunes.
759 1941 760 1946 γ
1184 1851 1187 1856 “

274 1966 439 2032 Auctores
460 1987 543 2057 ergo
561 1963 621 2056 qui
636 1962 830 2056 praedictam
848 1961 1042 2056 opinionem
1065 1958 1243 2054 atnplexati
1256 1975 1353 2049 sunt,
1420 2050 1422 2053 .

226 2077 314 2146 forte
330 2101 399 2146 non
418 2077 497 2147 satis
515 2077 559 2146 ad
575 2077 740 2171 ejusmodi
756 2077 963 2148 consectaria
978 2074 1217 2162 attenderunt,
1228 2089 1263 2144 et
1276 2088 1357 2144 suut

228 2193 367 2264 omnino
377 2194 645 2289 derelinquendi.

275 2309 464 2404 Propositio
499 2319 564 2380 10¹.
595 2314 726 2380 Contra
751 2308 948 2380 stabilitam
969 2307 1169 2379 doctrinam
1192 2331 1263 2376 non
1286 2329 1357 2377 aa·

230 2423 280 2517 lct-
297 2411 456 2516 ,abjectio
494 2421 682 2518 desumpta
712 2449 758 2492 cc
792 2421 969 2520 eoquod,
988 2422 1088 2521 jam
1111 2419 1359 2491 uniuersaliter

228 2538 388 2606 instituto
406 2535 450 2606 dc
464 2537 701 2607 Immaculata
714 2538 870 2634 Virginis
886 2535 1227 2632 Conceptionefesto‚
1241 2537 1359 2630 opinio

229 2652 323 2720 circa
341 2649 432 2720 iliad
445 2652 613 2748 Dciparac
625 2650 848 2748 priuilegium
854 2650 1053 2747 probabilis
1065 2666 1201 2720 tantum
1211 2673 1359 2718 reman-

230 2766 329 2835 serit.
346 2807 390 2816 -
403 2767 452 2832 Ut
463 2765 647 2858 objectioni
658 2763 706 2835 illi
715 2820 725 2853 ‚
735 2790 811 2860 quae
823 2768 987 2862 gravitate
995 2791 1066 2834 non
1079 2779 1182 2852 caret,
1196 2763 1358 2834 iaciamus

231 2879 321 2966 satis,
350 2879 415 2946 tria
447 2878 690 2949 stabiliemus:
725 2884 759 2951 1⁰
781 2884 847 2948 Per
873 2880 1043 2973 quoddam
1076 2895 1209 2972 tempus
1239 2901 1359 2948 revera

232 2991 467 3064 universaliter
491 2994 699 3064 celebratum
730 2994 832 3064 fuisse
859 2993 1089 3064 Immaculata
1114 2989 1359 3086 Conceptionis

233 3105 370 3196 festum,
384 3111 467 3200 quin
487 3122 600 3178 tamen
625 3110 741 3203 opinio
751 3109 793 3177 de
809 3108 1025 3178 immaculata
1040 3108 1263 3201 conceptione
1277 3129 1359 3199 pro·

234 3220 420 3290 habilitatis
446 3247 504 3290 seu
532 3223 595 3314 piae
617 3222 787 3314 opinionis
804 3220 927 3290 limites
959 3219 1150 3289 excesserit.
1176 3216 1214 3288 2⁰
1232 3217 1360 3310 Hujus·

234 3336 326 3406 modi
344 3335 431 3406 facto
453 3338 592 3405 minime
613 3336 764 3405 subverti
790 3334 943 3429 superins
972 3333 1132 3403 traditam
1153 3332 1195 3401 de
1214 3330 1360 3424 liturgiae

235 3451 349 3520 valore
367 3451 558 3547 dogmatico
584 3451 787 3521 doctrinam.
816 3449 855 3520 3⁰
878 3449 988 3518 Hodie
1010 3446 1125 3518 tamen
1152 3471 1193 3516 ex
1224 3445 1361 3539 liturgia

235 3561 376 3658 aliisque
400 3567 567 3658 capitibus
598 3581 725 3635 certam
756 3567 897 3634 evasisse
924 3563 1116 3659 predictam
1149 3560 1360 3655 opinionem,

238 3677 318 3748 licet
345 3678 511 3747 nondum·
528 3683 562 3747 in
594 3678 778 3750 articulum
806 3679 884 3748 fidei
911 3679 1094 3749 transierit.
1124 3679 1205 3766 Quo
1235 3673 1361 3768 triplici

237 3793 347 3885 capite
363 3789 463 3860 semel
486 3791 633 3878 firmato,
658 3806 730 3861 tota
756 3808 935 3864 evanescet
954 3793 1125 3887 proposita
1143 3788 1336 3860 difficultas.

285 3909 315 3976 1.
336 3906 529 4001 Aliquando
546 3906 736 3977 universale
757 3908 859 3980 fuisse
875 3906 1103 3978 Immaculatae
1123 3903 1362 3998 Conceptionis
1438 3981 1442 3988 Ι

237 4020 375 4110 festum,
384 4024 468 4114 quin
482 4036 593 4090 tamen
602 4023 717 4117 opinio
726 4026 814 4094 circa
824 4023 906 4094 illud
915 4023 1071 4116 Deiparae
1078 4017 1291 4115 privilegium
1300 4041 1363 4086 ex-

240 4150 291 4205 tra
309 4138 704 4208 controversiamabierit
717 4155 750 4208 et
763 4163 827 4234 pro
839 4153 930 4208 certa
944 4138 986 4206 ab
999 4137 1155 4206 omuibus
1164 4132 1362 4203 admittide·

240 4251 363 4340 buerit,
372 4251 677 4349 praeclareexponit
686 4253 788 4326 simul
798 4269 832 4321 et
841 4253 964 4347 probat
977 4253 1153 4323 Suaresius
1164 4251 1231 4320 hoc
1240 4246 1360 4317 modo:

250 4425 252 4430 .
291 4395 308 4432 α
326 4369 405 4458 Qua
421 4371 629 4440 certitudine
652 4369 836 4439 tenendum
853 4371 897 4439 sit
920 4374 958 4440 B.
977 4367 1154 4463 Virginem
1171 4366 1274 4435 fuisse
1289 4363 1363 4431 sine
