3018 5070
477 405 523 449 on
547 403 635 451 sone
662 405 867 455 Lt'rutthGO.
1183 391 1232 487 49

102 529 281 601 «Ecclesia
311 553 372 598 sua
403 529 629 616 auctoritate,
651 529 826 598 assistente
852 528 915 596 sibi
944 530 1070 622 Spiritu
1094 549 1233 626 sancto,

102 644 259 715 «similes
285 645 533 714 controversias
559 643 735 732 definivit,
758 644 884 738 absque
911 671 999 715 nova
1029 645 1233 718 revelatione
1301 695 1304 700 -

104 783 310 855 «expressa,
333 773 371 828 ut
392 772 505 854 potest
526 758 712 828 manifestis
731 759 890 856 exemplis
909 760 1060 850 ostendi,
1081 762 1115 830 in
1143 789 1234 856 quaa·

105 877 246 946 «stione
267 874 310 943 de
339 873 510 942 habitibus
531 872 670 959 infusis,
699 873 741 942 de
762 875 923 944 canonica
944 877 1144 946 auctoritate
1171 875 1235 946 ali·

104 1013 283 1082 «quorum
312 986 481 1056 librorum
511 1011 613 1056 sacrae
641 987 852 1081 Scripturas,
878 988 920 1056 de
947 967 1096 1060 carentia
1125 994 1235 1062 omnis

105 1107 265 1202 «peccati
301 1103 440 1175 venialis
468 1106 503 1172 in
531 1105 674 1199 ipsamet
697 1105 853 1199 Virgine.
885 1105 970 1174 dddi
997 1106 1096 1174 etiam
1124 1122 1237 1202 potest

105 1219 327 1316 «exemplum
351 1220 393 1289 de
410 1221 656 1290 resurrectione
669 1221 758 1314 ejus,
774 1221 816 1289 de
832 1219 978 1315 gloriosa
993 1223 1238 1317 assumptione,

105 1355 171 1408 aet
195 1339 238 1408 de
264 1339 442 1408 sanctitate
461 1339 646 1407 nativitatis
673 1339 757 1433 ejus.
781 1341 832 1407 Ex
850 1338 901 1406 his
922 1341 1012 1407 enim
1037 1337 1149 1433 aliqua
1165 1339 1236 1433 jam

106 1469 217 1523 nsunt
230 1453 273 1522 de
287 1452 374 1540 fide,
387 1451 451 1524 alia
465 1474 545 1521 vero
561 1469 640 1523 sunt
653 1451 731 1522 fidei
744 1454 914 1548 proxima3
929 1467 964 1522 et
978 1452 1091 1522 nullus
1103 1453 1239 1524 dubitat
1319 1450 1323 1458 ’

107 1572 219 1664 oquin
242 1569 379 1638 tandem
401 1569 532 1664 possint
557 1567 704 1638 deliniri.
726 1568 780 1639 Ad
800 1569 888 1638 lianc
907 1567 1140 1638 definitionem
1157 1569 1238 1638 satis

108 1699 210 1773 cest,
229 1699 269 1753 ut
287 1682 401 1779 aliqua
412 1682 679 1778 supernaturalis
689 1684 812 1752 veritas
830 1681 1237 1778 traditionevelScriptu·

108 1825 175 1870 «ra
186 1799 348 1896 implicite
365 1813 526 1870 contenta
545 1801 602 1888 sit,
616 1814 666 1886 ut,
686 1814 856 1869 crescente
880 1801 1053 1869 communi
1071 1825 1238 1870 consensu

108 1914 319 2002 «Ecclesiae,
353 1939 414 2010 per
443 1939 545 2010 quam
581 1939 666 2008 saepe
703 1915 848 2009 Spiritus
873 1931 1008 1985 sanctus
1041 1917 1239 1986 traditiones

109 2031 283 2128 «explicat
303 2030 355 2100 vel
384 2033 596 2126 scripturam
624 2029 787 2118 declarat,
812 2031 946 2101 tandem
967 2033 1073 2126 possit
1089 2033 1239 2102 Ecclesia

109 2147 375 2216 «definitionem
409 2172 503 2216 suam
538 2146 716 2234 adhibere,
736 2171 811 2240 quae
837 2147 904 2215 vim
931 2147 1035 2214 habet
1063 2147 1239 2240 cujusdam

109 2261 354 2332 «revelationis
374 2275 528 2356 respectu
553 2263 682 2348 nostri,
703 2274 844 2356 propter
861 2257 1070 2329 infallibilem
1096 2261 1240 2355 Spiritus

110 2380 248 2448 «sancti
269 2379 502 2448 assistentiam.
519 2375 622 2467 Quod
638 2391 751 2446 autem
772 2377 843 2445 haec
858 2377 982 2446 veritas
996 2377 1096 2470 hujus
1111 2375 1241 2446 ordinis

110 2492 201 2577 «sit,
227 2489 327 2560 facile
343 2490 409 2559 hoc
426 2489 529 2559 modo
555 2487 747 2560 declaratur
772 2490 880 2584 :quia
902 2515 988 2585 saepe
1008 2491 1042 2558 in
1066 2485 1241 2586 Scriptura

110 2607 288 2677 «indicata
303 2621 371 2693 est,
385 2619 425 2674 ut
439 2604 584 2674 vidimus
598 2605 740 2675 :deinde
756 2607 799 2675 ab
815 2607 1057 2702 antiquissimis
1073 2609 1242 2700 Patribus,

112 2739 174 2794 «et
194 2720 210 2817 ζ
220 2736 259 2790 ut
284 2720 457 2816 creditur)
479 2721 578 2789 etiam
601 2721 644 2789 ab
670 2718 841 2815 Apostolis
867 2735 918 2788 est
941 2721 1077 2791 tradita.
1100 2722 1153 2792 Ad
1171 2724 1243 2792 haec

112 2835 322 2908 «universali
352 2836 509 2906 Ecclesiae
532 2837 748 2905 concessione
774 2835 935 2930 paulatim
967 2837 1149 2932 recipitur,
1173 2863 1243 2908 uon

114 2956 213 3024 asine
236 2978 362 3048 magno
383 2953 573 3021 animarum
592 2950 725 3040 fructu3
745 2975 808 3019 nec
831 2952 902 3020 sine
920 2953 1072 3020 motione
1091 2955 1150 3048 (ut
1168 2977 1243 3022 cre·

115 3069 256 3164 aditur)
276 3071 423 3164 Spiritus
453 3068 583 3156 sancti,
607 3068 666 3159 qui
686 3066 931 3161 plenitudinem
953 3067 1068 3163 gratiae
1092 3068 1244 3164 Virginis

117 3187 191 3256 «ita
220 3209 293 3254 esse
322 3182 599 3279 intelligendam,
620 3181 742 3250 sensim
775 3179 957 3250 Ecclesiam
989 3182 1097 3252 docet.
1127 3187 1244 3255 Potest

118 3303 253 3397 «igitur
288 3300 343 3368 hic
371 3297 529 3368 Ecclesiae
559 3321 742 3367 consensus
764 3283 818 3366 ita⁴
842 3321 1010 3384 crescere,
1035 3313 1076 3366 ut
1108 3300 1244 3368 tandem

119 3419 254 3512 «possit
277 3414 428 3485 Ecclesia
451 3411 604 3483 absolute
621 3429 656 3482 et
681 3410 877 3506 simpliciter
900 3437 969 3481 rem
990 3412 1132 3481 definire
1155 3444 1171 3479 a
1189 3415 1247 3510 (in

122 3534 171 3602 lll
189 3545 279 3626 part.
302 3534 336 3600 S.
358 3530 517 3615 Thomas,
537 3543 655 3623 quaest.
673 3550 798 3618 xxvu,
816 3526 901 3620 disp.
923 3524 964 3618 3,
986 3542 1067 3597 sect.
1089 3527 1144 3623 6).

164 3650 253 3738 Quae
282 3645 455 3733 definitio,
483 3669 587 3740 quam
619 3644 760 3714 feliciter
785 3667 934 3738 regnans
960 3645 1041 3714 Pius
1064 3647 1115 3714 IX
1134 3664 1249 3718 mente

121 3789 211 3833 nunc
243 3761 410 3853 revolvit,
431 3761 562 3829 utinam
594 3760 636 3828 ad
662 3761 818 3855 Deiparae
847 3760 997 3856 Virginis
1024 3761 1184 3857 gloriam,
1207 3767 1248 3836 ad

122 3881 225 3948 totius
251 3875 411 3947 Ecclesiae
438 3874 703 3963 exultationem,
731 3873 774 3944 ad
799 3900 924 3944 novum
947 3876 989 3945 de
1014 3878 1186 3948 erroribus
1213 3895 1248 3950 et

121 3991 302 4063 heresibus
320 3991 553 4086 triumphum,
577 3989 620 4060 ad
650 3989 865 4083 praesentium
883 3988 1051 4059 malorum
1072 3990 1245 4088 levamen,

122 4133 202 4180 voce
220 4109 313 4179 Petri
333 4107 468 4178 tandem
485 4108 521 4174 in
538 4107 737 4179 universum
754 4105 872 4174 orbem
890 4122 1063 4199 personet,
1079 4109 1248 4180 infernum

122 4247 349 4310 concussura,
367 4222 549 4294 Ecclesiam
564 4220 818 4312 illuminatura,
833 4236 935 4317 atque
952 4223 1078 4294 invicto
1098 4229 1248 4310 veritatis

123 4333 297 4413 robore'in
320 4333 485 4408 aeternum
505 4334 742 4433 permansura!

170 4451 364 4550 Propositio
389 4459 457 4525 11⁸.
487 4456 618 4525 Contra
631 4450 830 4524 stabilitam
851 4451 1044 4528 doctrinam
1061 4483 1129 4530 nort
1149 4459 1219 4532 val
1225 4477 1250 4532 t

32 4587 35 4720 t
1053 4578 1126 4674 2¹·
