3018 5070
533 335 579 380 nn
602 333 689 380 nixu
715 333 919 384 errororco.
1266 335 1286 408 7

157 483 231 530 non
243 457 370 530 hebeat
386 475 548 554 tanquam
563 460 605 530 ed
625 441 797 557 liturgiam
814 460 1029 557 pertinentia.
1048 459 1161 549 Unde,
1179 483 1219 528 ex
1234 485 1288 532 re·-

155 589 263 670 eepto
292 572 492 670 generaliter
508 573 708 668 jamdudum
733 599 805 663 usu,
833 579 921 646 sicut
939 573 1024 646 solae
1048 576 1096 644 ita
1117 589 1150 643 et
1168 599 1290 646 omnes

156 688 258 758 cultu
270 691 401 758 externi
420 689 552 759 socialis
570 685 688 784 praxes
702 691 766 760 sub
787 690 931 786 liturgiae
952 689 1179 786 appellatione
1196 713 1289 760 com-

157 804 444 898 prehenduntur3
461 804 507 874 ita
523 819 575 893 ut,
585 819 715 874 attento
732 805 891 900 praedicto
910 829 987 894 usu,
1009 805 1111 874 hodie
1122 827 1183 899 per
1196 804 1289 874 litur-

155 919 259 1014 giam
276 915 420 1014 intelligi
443 919 588 988 debeant
607 943 723 989 omnes
742 935 777 988 et
793 920 869 989 solae
890 945 1009 1014 praxes
1025 919 1136 989 cultus
1159 921 1289 990 externi

151 1031 304 1102 ¹socialis.
322 1035 367 1104 Et
386 1034 433 1102 sie
452 1033 589 1102 tandem
612 1033 858 1103 determinatus
875 1058 916 1102 ex
929 1059 993 1103 usu
1012 1034 1173 1103 remansit
1196 1035 1288 1103 vocis

160 1147 252 1218 illius
266 1175 401 1239 sensns3
418 1149 510 1244 qnod
532 1151 574 1220 ad
593 1150 765 1222 vitandam
784 1152 818 1234 in
838 1151 902 1221 hac
928 1175 965 1220 re
986 1150 1287 1245 aequivocationem
1341 1228 1344 1234 ¹

158 1277 196 1332 et
213 1265 447 1336 confusionem
464 1265 560 1336 valde
580 1279 630 1336 est
641 1266 899 1337 attendendum.
923 1301 924 1304 ¹

603 1515 753 1586 CAPUT
777 1517 841 1586 111.

529 1759 708 1830 nrruncrn
723 1757 916 1806 nasturcio.

215 1975 331 2044 1⁰Rei
361 1974 604 2069 cujuscumque
642 1973 809 2065 definitio,
839 1991 890 2047 est
914 1975 1014 2046 simul
1039 1991 1073 2045 et
1099 1974 1289 2044 necessario

162 2087 315 2157 definitio
329 2089 420 2156 vocis
442 2113 577 2183 quares
597 2087 656 2159 illa
673 2089 891 2176 enuntiatur3
912 2115 973 2158 nec
992 2103 1104 2184 potest
1126 2088 1201 2184 quis
1217 2114 1288 2156 rem

162 2199 266 2271 ullam
307 2201 461 2291 definire,
481 2201 545 2272 nisi
576 2201 833 2272 determinando
853 2228 989 2272 sensum
1009 2228 1108 2296 quem
1134 2201 1185 2270 vel
1217 2203 1288 2295 ipse
1362 2250 1366 2255 -

162 2315 350 2399 arbitrarie,
370 2315 422 2386 vel
443 2340 521 2386 usus
544 2317 744 2403 communis,
769 2314 869 2385 alicui
888 2316 961 2384 voci
988 2313 1114 2410 alligat.
1130 2313 1184 2385 Ad
1205 2313 1288 2383 defi'-

162 2430 322 2500 nitionem
345 2443 459 2500 autem
479 2431 629 2500 strictam
654 2454 712 2499 seu
733 2429 870 2525 proprie
888 2429 1023 2518 dictam,
1043 2428 1228 2524 requiritur
1249 2444 1288 2498 ut

161 2539 217 2613 ille
239 2567 357 2614 sensus
383 2546 592 2640 exprimatur
610 2571 711 2638 quem
731 2570 810 2615 usus
829 2543 994 2642 generalis
1014 2545 1089 2614 voci
1107 2545 1283 2614 annexuit.

162 2656 245 2726 Aliae
276 2657 489 2727 definitiones
513 2659 636 2753 quibus
650 2674 804 2729 auctores
827 2674 1037 2753 praemonent
1058 2674 1092 2728 et
1109 2657 1287 2729 arbitrarie

160 2769 387 2842 determinant
412 2798 481 2867 quo
508 2773 571 2868 ipsi
590 2799 690 2843 sensu
715 2788 878 2869 usurpent
895 2799 1011 2844 vocem
1033 2773 1192 2870 aliquam,
1217 2795 1286 2844 non

162 2903 241 2956 sunt
259 2887 398 2981 proprie
413 2885 510 2956 dictae
527 2887 750 2958 definitiones.

212 3009 252 3070 2⁰
273 3001 349 3071 Alia
365 3015 463 3072 rectae
481 3001 689 3073 definitionis
708 3003 857 3072 conditio
874 3029 892 3072 a
913 3001 1029 3096 logicis
1050 3001 1222 3097 requisita,
1237 3021 1287 3074 est

161 3131 201 3186 ut
219 3131 324 3187 totam
340 3130 373 3187 et
388 3115 492 3187 solam
511 3143 583 3186 rem
597 3117 824 3187 deliniendam
842 3116 933 3188 clare
947 3118 1124 3212 exprimat.

210 3229 251 3302 3⁰
275 3233 337 3300 llis
360 3245 473 3301 autem
498 3229 752 3302 conditionibus
769 3233 959 3303 satisfacere
981 3231 1119 3303 videtur
1144 3257 1286 3326 sequens

159 3341 306 3441 liturgiae
324 3345 475 3416 definitio
496 3343 644 3441 :form
666 3347 780 3418 culter
794 3347 848 3445 (1)
866 3345 1112 3443 exterru‘apud
1126 3349 1286 3444 aliquam

159 3463 363 3532 societatem
380 3464 582 3532 constituta.
608 3465 691 3533 Naln
708 3465 826 3558 primo
844 3463 1001 3556 exprimit
1029 3485 1163 3529 sensum
1185 3473 1286 3554 quent

156 3571 359 3668 jamdudum
375 3603 454 3647 usus
469 3575 668 3673 generaliter
688 3571 845 3672 receptus
868 3577 943 3646 voci
963 3575 1113 3674 lr'turgr'ae
1126 3575 1285 3671 alligavit.

160 3691 202 3757 In
225 3689 428 3784 praecedenti
450 3691 613 3786 siquidem
633 3693 743 3787 capite
753 3691 900 3762 vidimus
920 3717 960 3759 ex
976 3689 1067 3761 dicto
1087 3717 1149 3761 usu
1165 3717 1287 3761 omnes

161 3804 302 3875 etsolas
319 3831 438 3900 praxes
453 3807 583 3876 externi
601 3807 767 3902 simulque
782 3807 910 3901 publici
930 3833 988 3876 seu
1008 3803 1138 3876 socialis
1159 3801 1283 3894 cultuS,

161 3917 223 3987 sub
247 3918 392 4016 liturgiae
418 3919 643 4016 appellatione
662 3921 916 4016 comprehendi3
938 3946 1040 4015 porro
1057 3920 1190 3990 easdem
1212 3919 1286 3988 illas

160 4055 277 4126 praxes
286 4037 560 4130 exprimuntlraec
574 4033 675 4106 verba
684 4035 823 4131 :formu
837 4035 953 4107 cultus
965 4037 1104 4105 externi
1116 4031 1213 4132 apud
1221 4031 1261 4103 al
1268 4031 1275 4050 ‘

178 4281 215 4355 (l)
235 4279 306 4336 Dum
316 4279 359 4336 hic
375 4281 471 4337 utimur
485 4301 546 4338 voce
564 4285 661 4351 celtae,
677 4281 844 4356 intelligimus
859 4287 960 4338 cadam
975 4299 1092 4350 sacrum,
1107 4299 1154 4356 pro
1168 4297 1287 4336 commu-

155 4366 218 4423 nies
231 4378 335 4444 recepto
347 4369 425 4445 hujus
435 4369 553 4427 maneti
564 4389 650 4432 renen
