2978 5076
496 375 543 422 uc
565 373 654 422 suns
677 371 885 420 uruncrco.
1182 350 1256 438 243

124 529 154 576 a
164 499 267 572 nodis
292 498 462 588 traducor
481 496 672 570 skccntnu
693 523 739 568 ac
759 497 888 596 legunt.
906 498 1031 586 Quoad
1048 500 1258 572 bredorinm

126 619 266 711 insuper
279 615 472 686 decernitur
486 639 555 686 non
572 637 670 708 posse
687 611 754 683 clia
765 611 912 682 formula
927 614 1094 684 satisfieri.
1110 619 1204 712 Ergo
1219 618 1255 687 iu

125 733 226 802 dictis
241 729 341 800 bullis
359 729 500 825 exprimi
523 744 730 824 praeceptum
753 728 891 822 proprie
908 726 1036 798 dictum
1061 728 1136 800 luce
1159 733 1258 802 meri-

126 847 230 920 diana
255 845 382 916 clarius
400 861 461 916 cst.
487 841 661 931 Secundo,
684 857 892 937 paeceptum
913 840 1003 914 illud
1021 859 1071 914 est
1091 846 1256 940 genernle,

127 963 227 1036 salvis
251 961 506 1057 exceptionibus
535 961 573 1028 in
600 959 674 1054 ipso
691 958 829 1028 decreto
855 960 1032 1052 expressis.
1055 961 1093 1032 ld
1109 963 1257 1056 probant

127 1077 230 1152 modo
261 1081 364 1148 citata
386 1079 507 1164 verba,
531 1077 659 1172 quibos
682 1077 899 1170 attinguntur
924 1099 1046 1146 onmes
1072 1093 1106 1148 et
1126 1080 1248 1179 singul

127 1194 350 1280 Patriarcbne,
369 1192 636 1288 brcbiepiscopi‚
661 1190 835 1286 Episcopi,
850 1189 975 1285 aliique
992 1191 1131 1288 proelatfi.
1152 1195 1257 1282 Quod

127 1313 252 1381 iterum
273 1313 311 1380 S·
333 1310 414 1379 Pius
435 1312 464 1378 V
487 1308 643 1402 exprimit
672 1307 740 1376 boc
767 1305 868 1374 modo
888 1311 962 1376 :ln
977 1306 1142 1378 omnibus
1165 1311 1259 1382 Cleri·

126 1427 240 1498 suani
257 1423 351 1496 orbis
361 1425 628 1520 provinu'arum
648 1419 971 1518 patriarchalibus,
993 1423 1258 1498 cathedralibus

128 1559 162 1616 et
182 1538 466 1637 pcrocdiult'bm,
492 1536 721 1610 secularibus
754 1552 827 1607 et...
846 1537 1077 1639 rcguhrilrus,
1103 1541 1260 1612 ecclesiis

127 1657 191 1730 vel
203 1655 364 1752 capellis.
384 1659 479 1752 Ergo
497 1653 550 1724 lex
571 1655 675 1724 Pinna
688 1652 888 1724 universalis
901 1652 977 1737 fuit,
994 1669 1027 1724 et
1044 1681 1104 1750 per
1120 1657 1259 1728 modurn

128 1773 337 1868 exception-is
357 1785 493 1840 tantum
510 1771 554 1842 ab
576 1793 615 1838 en
636 1768 799 1864 quasdam
820 1767 977 1840 ecclesias
998 1787 1170 1865 exemptas
1196 1799 1260 1841 vo-

130 1887 197 1958 luit
216 1887 254 1956 S.
270 1887 349 1956 Pius
368 1889 413 1956 V.
437 1886 516 1956 Sub·
533 1885 732 1979 exceptione
756 1893 868 1954 autem
887 1885 1145 1978 comprehensos
1157 1887 1259 1958 dum·

129 2017 222 2075 taxat
245 2001 351 2072 luisse
363 1999 519 2096 liturgias
531 1997 712 2070 orientales
727 2017 809 2068 corn
821 1999 1041 2070 Ambrosium
1059 2016 1091 2070 et
1105 2007 1261 2074 Mozarn·

130 2119 217 2205 bica,
241 2133 275 2186 st
297 2118 434 2211 insuper
455 2141 510 2186 ens
529 2139 605 2209 quae
623 2139 642 2183 a
660 2113 816 2183 ducentis
838 2114 936 2182 annis
965 2115 1140 2208 vigebant,
1157 2141 1259 2211 supra

131 2234 365 2328 probavimus.
393 2235 522 2302 Onnes
555 2253 636 2323 ergo
665 2227 739 2298 aliae
766 2227 910 2298 ecclesiae
942 2245 1113 2325 pmcepto
1151 2230 1262 2326 ligntae

132 2364 230 2420 sunt,
251 2352 384 2435 Temo.
394 2351 536 2418 mauris
545 2345 688 2440 hujusce
702 2345 861 2438 praecepti
876 2343 1062 2414 certissime
1075 2347 1186 2439 gravis
1199 2363 1261 2434 est,

132 2479 174 2534 ut
190 2487 250 2558 per
276 2489 312 2532 se
327 2477 421 2557 putot
439 2477 476 2532 et
495 2461 646 2532 fatentur
665 2483 792 2530 onrncs.
814 2461 907 2554 Ergo
928 2460 991 2530 sub
1013 2475 1151 2554 peccato
1169 2487 1260 2532 mor·

133 2577 193 2650 uti
212 2577 413 2673 obligatorias
436 2578 531 2648 fuere
546 2576 752 2646 Iucriariurn
766 2591 802 2646 et
814 2573 946 2646 missale
962 2579 996 2646 S.
1014 2576 1065 2644 Pii
1084 2579 1130 2664 V,
1148 2577 1261 2671 quood

133 2715 251 2765 omnes
270 2691 430 2762 ecclesius·
447 2707 479 2762 ct
501 2711 662 2786 personas
688 2691 755 2760 sub
775 2691 874 2762 dictis
901 2693 1157 2787 exceptionibus
1191 2718 1261 2762 non

132 2808 409 2902 consprcbcnsns.
429 2813 541 2902 Atque
559 2805 680 2878 codem
702 2806 805 2878 modo
823 2822 856 2876 et
873 2832 913 2876 cx
932 2807 1052 2876 iisdem
1075 2809 1262 2876 rationibus

133 2920 333 3016 obligatorin
351 2936 467 3016 postca
486 2921 627 2994 luerunt
641 2923 846 2992 breviarium
866 2937 900 2990 et
923 2920 1090 2992 missales
1105 2921 1263 2992 Cicrnen·

133 3052 170 3108 te
188 3038 273 3108 VIII
290 3061 330 3106 ac
348 3037 426 3106 dein
437 3037 484 3108 ab
495 3038 638 3107 Urbano
650 3040 734 3110 VIII
754 3037 944 3131 recognita.

184 3163 223 3222 2⁰
248 3153 344 3222 Idem
361 3167 496 3222 constat
510 3177 550 3222 ex
560 3152 734 3222 communi
748 3151 927 3222 doctorum
944 3175 1125 3223 consensu.
1144 3194 1196 3208 --
1211 3157 1262 3226 Ex

133 3267 335 3340 testimoniis
359 3267 453 3336 enirn
470 3268 505 3336 in
533 3267 703 3364 superiori
729 3265 941 3362 paragrapho
969 3265 1120 3338 collectis
1147 3284 1262 3362 potet,

133 3381 290 3452 doctores
313 3384 541 3455 communiter
565 3383 630 3454 hoc
650 3381 754 3462 modo
780 3379 982 3455 intellexisse
993 3382 1052 3475 jus
1067 3381 1262 3478 liturgicum

134 3523 155 3570 n
172 3499 208 3570 S.
228 3499 289 3570 Pio
304 3503 336 3568 V
354 3499 594 3570 constitutum.

185 3613 226 3686 3⁰
252 3613 347 3687 Idem
366 3615 468 3688 etium
487 3629 622 3685 constat
640 3639 681 3684 ex
706 3612 989 3690 declarationibus
1008 3630 1043 3685 et
1061 3617 1155 3710 praxi
1171 3620 1262 3688 Con·

134 3730 373 3827 gregatimmm
381 3733 627 3802 Romanarum.
648 3733 689 3799 In
709 3729 935 3802 ‹leelarotionc
951 3755 1052 3800 sacrae
1071 3735 1265 3825 congrego·

135 3845 249 3916 tinnis
268 3843 426 3935 Consilii,
445 3845 509 3914 sub
531 3843 634 3914 finem
656 3845 841 3939 superioris
861 3847 1067 3942 paragraphi
1084 3846 1200 3935 relntc,
1221 3847 1266 3918 dc

135 3961 298 4036 omnibus
312 3961 372 4054 qui
386 3960 430 4032 ad
449 3960 598 4036 officium
618 3961 773 4032 divinum
789 3976 948 4032 tenentur
960 3962 1099 4049 dieitur,
1112 3981 1172 4032 eos
1192 3987 1264 4034 uon

135 4073 244 4146 aliter
270 4075 354 4146 ludu
373 4076 513 4146 munem
536 4075 891 4170 sauisccere,'qonm
913 4077 942 4146 si
970 4078 1076 4148 Piano
1097 4076 1264 4147 breviario

135 4203 297 4278 utentum
321 4191 411 4262 circa
434 4216 537 4286 quam
552 4190 794 4286 obligationem
813 4192 912 4262 tmien
933 4191 1157 4264 admittiturn
1175 4192 1264 4263 dicta

136 4307 410 4401 Congregntionc
437 4307 603 4404 exceptio,
628 4305 847 4378 ecclesiarum
873 4328 996 4402 nempe
1021 4329 1095 4402 quae
1117 4306 1264 4376 formula

139 4421 298 4497 ducentis
311 4423 410 4494 annis
427 4421 556 4495 bullam
574 4425 714 4494 Pisnom
727 4422 950 4496 antecedente
970 4437 1127 4494 utuntur.
1153 4423 1265 4494 Socra

1037 4535 1091 4607 16.
