2982 5072
245 329 317 410 128
705 353 913 404 rntcrrrns
987 386 990 395 .

243 481 384 570 nominc
398 481 547 552 verriunt.
566 483 673 550 Porro
690 480 732 550 de
748 481 814 551 lroc
839 480 989 554 fidelium
1009 507 1153 555 numero
1169 499 1250 556 sunt
1268 487 1371 556 etiarn

246 598 403 670 catholici
415 623 424 683 3
437 612 539 692 atque
554 597 649 686 adeo,
671 622 748 668 curn
770 597 812 668 dc
827 597 1047 669 efformandis
1056 599 1270 694 generalibus
1283 601 1372 672 fide-

245 716 330 786 lium
351 713 495 783 comitiis
508 713 634 808 agitur,
652 714 754 782 etiam
776 713 840 808 ipsi
864 714 1066 784 numerandi
1088 731 1179 786 sunt.
1197 721 1270 786 Jam
1291 743 1371 788 vero

245 829 491 928 perpendamus
506 827 588 921 quid
608 843 810 898 everrturum
824 827 952 915 luisset,
965 831 991 898 si
1009 829 1112 924 paulo
1136 847 1211 926 post
1226 834 1368 904 Lutlreri

246 945 517 1040 praedicationem
538 943 762 1038 interrogatus
779 943 896 1014 fuisset
911 946 1015 1016 totius
1033 944 1182 1020 fidelium
1197 946 1370 1018 collectio·

248 1061 309 1144 nis,
324 1061 388 1132 hoc
405 1057 510 1128 modo
529 1056 719 1146 intellectae,
736 1083 863 1130 sensus.
882 1057 1049 1138 Catholici
1063 1061 1213 1155 profecto
1226 1063 1369 1132 immen-

246 1201 317 1245 sam
340 1176 566 1269 majoritatem
591 1173 803 1262 conflassent,
824 1189 859 1244 et
883 1191 1074 1248 nascentem
1102 1191 1239 1268 sectam,
1264 1178 1371 1248 multo

246 1293 413 1360 minorem
440 1314 596 1376 numero,
624 1289 839 1362 damnassent
868 1304 906 1360 ut
934 1289 1137 1363 haereticam.
1166 1293 1371 1364 Debuisscut

244 1433 328 1504 ergo
350 1407 451 1502 hujus
473 1406 632 1500 temporis
657 1419 894 1500 protestantes,
913 1407 943 1474 vi
961 1409 1136 1501 potestatis
1154 1433 1256 1502 quarn
1270 1410 1372 1480 habet

245 1523 299 1619 (ut
322 1521 454 1616 volunt)
483 1521 632 1590 lidclium
654 1520 810 1590 collectio
845 1523 880 1590 in
912 1523 1157 1618 praescribenda
1196 1523 1371 1620 religione,

246 1655 369 1710 sectam
393 1663 487 1708 suam
507 1637 665 1732 abjurare
680 1652 715 1706 ct
734 1637 776 1706 ad
796 1635 948 1708 relictam
975 1638 1075 1708 lidem
1090 1638 1294 1710 catholicam
1320 1665 1373 1710 re·

247 1755 333 1824 dire.
896 1811 899 1814 .

297 1869 415 1940 Sedet
437 1869 525 1941 idem
549 1869 661 1940 adhuc
681 1866 783 1938 hodie
804 1869 836 1936 vi
856 1868 1024 1965 praedictae
1047 1869 1189 1940 rationis
1209 1869 1373 1940 deberent

247 1986 381 2078 exequi.
412 1984 445 2056 Si
463 1984 553 2052 eninr
578 1984 805 2076 interrogetur
823 1983 986 2054 hodierna
1005 1983 1087 2055 fides
1106 1984 1373 2080 uniuscujusque

247 2116 345 2172 scctae
366 2101 629 2200 protestanticae‚
640 2113 673 2168 et
683 2095 782 2168 simul
794 2098 1039 2168 catholicorum
1051 2099 1217 2188 omnium,
1229 2099 1372 2170 dubium

200 2217 202 2221 ’
248 2241 317 2286 rron
337 2230 386 2284 est
405 2215 488 2308 quin
516 2211 706 2308 symbolum
722 2212 926 2282 catholicum
947 2212 1062 2306 plures
1084 2213 1294 2284 adhaerentes
1316 2215 1374 2286 lra-

247 2330 344 2416 beat,
384 2353 485 2424 quam
529 2325 674 2404 formula
720 2324 798 2396 lidei
841 2326 1084 2422 cujuscumque
1126 2329 1373 2422 protestanticae

248 2459 357 2514 sectae.

299 2555 394 2626 Adde
413 2553 618 2648 impossibile
637 2553 671 2621 in
690 2555 785 2647 praxi
802 2579 872 2624 esse
896 2570 933 2624 ut
952 2555 1103 2626 [idalium
1123 2559 1275 2628 omnium
1301 2559 1373 2628 col·

248 2674 360 2762 lectio,
387 2670 574 2764 quidquam
595 2669 683 2738 circa
703 2669 804 2742 fidem
830 2686 865 2740 et
890 2670 1089 2766 religionem
1114 2671 1374 2744 determinetet

246 2785 454 2881 praescribat.
485 2787 574 2852 Nam
592 2781 635 2852 ad
656 2783 689 2852 id
709 2808 845 2852 necesse
859 2799 945 2854 esset
963 2801 1002 2854 ut
1027 2801 1119 2856 certo
1138 2802 1309 2858 constaret
1332 2788 1374 2857 de

247 2901 414 2995 cujusque
430 2900 494 2968 viri
510 2931 512 2935 ·
527 2913 560 2968 et
579 2899 743 2993 cujusque
765 2898 914 2970 mulieris
946 2925 1046 2974 sensu
1078 2902 1166 2970 circa
1193 2900 1373 2972 articulum

247 3015 489 3086 definiendum.
511 3018 617 3084 Porro
637 3015 670 3083 id
699 3016 847 3088 obtineri
867 3016 985 3110 nequit
1019 3040 1129 3110 neque
1148 3040 1211 3111 per
1234 3016 1373 3102 modum

248 3134 386 3226 integrae
400 3132 667 3214 coadunationis,
687 3157 795 3226 neque
807 3157 868 3228 per
887 3131 1025 3201 modurn
1043 3131 1283 3226 deputationis.
1297 3137 1372 3204 Non

247 3273 307 3344 per
331 3248 460 3342 integra
475 3247 622 3334 comitia,
643 3261 679 3314 ut
697 3261 812 3340 patet;
838 3248 1014 3316 nonenim
1035 3245 1150 3316 volent
1170 3272 1280 3342 neque
1292 3247 1376 3342 play·

247 3367 314 3434 sice
338 3387 487 3458 unquam
501 3377 663 3459 poterunt
685 3387 801 3430 onrnes
821 3387 861 3432 ex
884 3377 956 3432 toto
980 3363 1063 3432 orbe
1078 3362 1253 3432 christiani
1272 3363 1306 3430 in
1328 3361 1375 3430 lo·

248 3506 325 3550 cum
346 3480 561 3548 comitiorum
580 3481 728 3570 migrare
755 3493 857 3572 atquc
881 3477 928 3546 ibi
953 3475 1152 3546 deliberare.
1181 3477 1247 3546 Sed
1267 3502 1376 3572 neque

249 3621 309 3690 per
332 3591 472 3662 modurn
502 3591 744 3684 deputationis.
768 3591 944 3685 Inprimis
969 3591 1060 3660 enim
1080 3615 1149 3658 non
1173 3591 1376 3660 obtinebunt

248 3720 471 3806 protestantes
497 3722 536 3776 ut
554 3704 712 3776 catholici
738 3730 816 3776 suos
841 3705 1021 3802 deputatos
1043 3705 1086 3775 ad
1106 3705 1273 3798 ejusmodi
1297 3731 1375 3776 coa-

249 3825 468 3894 dunationem
488 3822 635 3890 mittant.
652 3823 725 3891 Nec
743 3821 777 3892 id
793 3847 812 3890 a
828 3823 897 3890 suis
916 3822 1069 3890 omnium
1089 3822 1264 3916 regionum
1278 3821 1376 3890 sectis

249 3940 466 4010 obtinebunt.
491 3940 549 4008 Ast
564 3939 695 4007 etiamsi
711 3939 815 4008 totius
832 3938 925 4007 orbis
949 3951 1173 4032 protestantes
1196 3936 1375 4032 deputatos
1482 4009 1483 4018 ἒ

250 4057 434 4152 mitterent,
460 4053 642 4147 recipiendi
662 4053 697 4124 hi
723 4053 876 4148 deputati
893 4078 964 4122 non
989 4067 1101 4122 essent
1122 4066 1281 4146 tanquam
1307 4051 1373 4120 veri

250 4185 349 4242 testes
368 4194 484 4238 sensus
507 4183 540 4238 et
559 4169 861 4240 doctrinaeseorum
886 4169 1049 4264 aquibus
1071 4170 1301 4246 mitterentur.
1321 4169 1372 4234 De

248 4313 455 4386 unoquoque
469 4288 558 4356 enim
578 4302 707 4384 puncto
725 4287 759 4354 in
779 4285 923 4364 comitiis
939 4283 1124 4355 deliberato
1141 4309 1209 4354 nou
1230 4285 1370 4354 interro·

249 4421 346 4504 gatus
374 4404 490 4474 fuisset
515 4404 660 4499 quisque
683 4400 789 4472 fidelis
812 4426 874 4474 nec
902 4426 997 4474 suam
1020 4399 1277 4501 inspirationem
1293 4398 1366 4494 pri·
