2934 5074
236 369 306 419 rna
693 367 895 437 {necturus

233 493 346 568 fideles
369 493 585 589 gubernandi
601 506 760 588 potestas.
782 496 871 568 Nam
898 489 1049 565 Ecclesia
1075 517 1145 564 nou
1166 491 1363 586 potcstfor·

233 637 323 682 mam
355 609 454 680 ovilis
473 611 643 699 exhibere,
661 635 722 682 nec
739 611 805 680 nisi
829 609 1036 682 mendaciter
1063 609 1243 684 aChristo
1270 607 1364 680 ‹lut-a

234 727 352 797 fuisset
369 724 471 817 ovile,
485 727 547 796 nisi
562 724 682 819 aliquis
695 727 726 794 in
750 751 789 796 ea
802 751 981 821 personam
1000 724 1145 820 pastoris
1163 738 1252 819 agat,
1261 738 1293 793 et
1303 722 1362 794 alii

234 844 361 914 ovium.
383 845 457 911 lam
481 867 563 910 vero
589 841 676 911 sicut
698 842 884 916 absurdum
904 843 1009 911 estin
1030 865 1246 937 quocumque
1267 838 1363 927 ovili,

233 957 440 1053 invigilandi,
460 956 618 1051 pascendi
626 971 659 1026 et
674 957 811 1052 regendi
825 971 1028 1054 potestatem
1041 957 1082 1025 ad
1093 981 1174 1024 oves
1191 957 1366 1049 pertinere

233 1088 269 1144 et
280 1097 349 1142 non
368 1072 409 1144 nd
423 1087 604 1166 pastorem,
622 1074 668 1144 ita
683 1074 719 1144 in
731 1072 879 1144 Ecclesia
898 1073 1038 1161 Christi,
1050 1073 1080 1142 si
1096 1075 1130 1144 in
1143 1070 1242 1141 ovilis
1253 1071 1366 1140 forrna

233 1187 539 1275 constitutafuerit,
555 1189 699 1282 supponi
716 1189 831 1282 nequit
848 1187 1059 1284 gubernandi
1070 1187 1306 1256 auctoritatem
1321 1183 1364 1254 ad

235 1307 341 1374 totam
364 1303 620 1387 multitudinem
651 1319 814 1398 spectare.
842 1345 890 1360 κ·-
928 1303 1111 1390 hst‚aiuut
1129 1315 1366 1398 protestantes,

236 1434 405 1514 pastorem
423 1434 456 1488 ot
478 1444 539 1488 nos
555 1419 774 1507 admittimus,
794 1421 970 1489 Christum
997 1443 1128 1513 stuppa,
1146 1417 1204 1511 qui
1225 1418 1367 1510 spiritus

234 1539 288 1606 sui
305 1536 481 1631 illapsihns
501 1557 776 1630 unamquamque
789 1561 888 1608 orem
910 1561 1006 1607 suarn
1027 1535 1219 1605 imundiate
1235 1531 1368 1603 illumi-

237 1668 309 1740 καὶ,
338 1653 444 1747 pascit
458 1667 559 1745 atque
576 1653 755 1746 gubernat.
776 1651 816 1721 ld
834 1666 967 1722 tantum
997 1637 1189 1740 susumus,
1211 1675 1281 1718 nou
1297 1675 1368 1718 esso

236 1767 488 1862 alium,praeter
505 1767 688 1850 Christum,
711 1782 880 1862 pastorem
896 1765 1158 1838 admittendum.
1180 1769 1252 1834 Hac
1285 1789 1368 1833 vero

143 1920 145 1938 ι
237 1883 458 1977 responsione
492 1881 729 1976 protestantes,
756 1897 983 1976 praeterquam
1015 1880 1106 1975 qnod
1128 1877 1367 1951 difficultatem

237 2024 306 2070 non
326 1996 474 2084 solvunt,
496 1997 680 2091 Scripturis
698 2013 813 2092 aperte
833 1997 1083 2067 contradicunt.
1101 1993 1264 2087 Inprimis
1290 1993 1368 2086 qni·

239 2115 330 2202 dem,
351 2115 450 2184 etiam
480 2113 693 2183 admittendo
714 2114 852 2182 unicum
876 2136 948 2184 esse
974 2114 1010 2184 in
1030 2093 1178 2182 Ecclesia
1197 2123 1368 2203 pauorem

238 2229 424 2316 Christum,
442 2229 626 2300 distudnm
649 2243 803 2298 remanet
823 2253 939 2298 rnrrun
959 2243 1101 2322 systema
1121 2250 1190 2318 qno
1212 2221 1367 2292 multitu·

240 2343 313 2416 (lini
338 2345 495 2415 tribuunt
513 2369 710 2437 supremum
736 2344 792 2436 jus
810 2341 1072 2412 determinantia
1093 2339 1239 2434 liturgiae
1257 2353 1290 2408 et
1316 2337 1368 2406 di·

239 2463 401 2558 sciphum.
421 2465 510 2532 Nam
525 2463 553 2530 si
573 2464 661 2532 liene
677 2477 878 2556 potestatem
903 2462 1008 2531 hahet
1022 2459 1176 2530 collectio
1200 2455 1366 2542 fidelium,

240 2592 391 2648 remarret
415 2601 494 2646 oves
513 2578 635 2670 seipsas
660 2602 791 2672 regere,
814 2601 882 2645 non
897 2591 1008 2644 antam
1038 2575 1080 2642 ah
1103 2572 1221 2667 aliquo
1234 2587 1369 2666 pastore

237 2693 319 2786 regi.
359 2694 428 2762 Nec
459 2691 597 2761 dicatur·
618 2717 676 2761 eas
712 2691 925 2760 invisibiliter
941 2691 1042 2760 wem
1072 2691 1106 2757 in
1133 2689 1199 2758 hoc
1220 2686 1322 2780 dirigi
1345 2709 1364 2754 a

237 2807 388 2898 Christo,
403 2807 574 2878 mediante
591 2807 810 2901 inspiratione
829 2807 961 2876 interna
979 2803 1120 2900 singulis
1135 2803 1266 2890 insum
1281 2825 1364 2870 ⁴urm

237 2939 320 2994 tunc
339 2924 374 2992 in
393 2923 533 2994 minima
552 2925 736 3018 questione
762 2923 805 2992 de
832 2921 1010 3017 disciplina
1038 2935 1073 2990 et
1092 2919 1242 3014 liturgia,
1265 2941 1364 3012 expe·

238 3037 401 3110 ctandum
427 3037 493 3108 erit
521 3037 629 3106 donec
653 3035 809 3107 Christus
838 3036 961 3130 cuique
994 3031 1144 3104 fidelium
1163 3030 1365 3100 nunciaverit

240 3151 324 3246 quid
345 3152 534 3224 faciendum
559 3153 616 3241 sit,
639 3168 676 3222 ct
693 3152 821 3220 interea
844 3148 940 3220 nulla
957 3149 1083 3244 poterit
1098 3147 1251 3240 liturgia,
1273 3143 1363 3216 nulla

240 3265 418 3362 disciplina
434 3267 613 3355 constitni3
627 3281 661 3336 et
680 3265 851 3362 quidquid
874 3265 910 3334 in
927 3264 1019 3334 hunc
1037 3287 1144 3358 usqne
1160 3261 1249 3332 diem
1265 3262 1362 3330 etiam

240 3385 332 3481 apud
350 3399 574 3482 protestantes
587 3385 678 3454 circa
693 3383 905 3478 disciplinam
914 3395 1096 3467 nctumest,
1109 3404 1189 3450 enm
1203 3380 1237 3446 vi
1252 3379 1364 3472 hujus·
1460 3415 1461 3446 1

240 3501 333 3570 modi
361 3500 605 3572 revelationum
630 3499 772 3595 singtdis
791 3498 955 3568 saetarum
978 3493 1362 3578 antonomasiam,

242 3615 428 3684 invalidum
451 3616 519 3688 fnit
541 3631 573 3686 et
593 3615 819 3710 tyrannicum.
836 3617 908 3682 Imo
925 3613 952 3681 si
978 3636 1030 3680 res
1046 3612 1136 3682 circa
1153 3606 1363 3702 disciplinam
1460 3657 1461 3660 ,

239 3730 421 3800 statuenda
438 3757 456 3800 a
470 3729 681 3824 singulorum
705 3728 986 3825 inspirationibus
1002 3725 1159 3822 pendunt,
1174 3723 1363 3794 discernen-

242 3846 326 3916 dnm
340 3848 403 3916 erit
419 3871 463 3916 an
485 3848 718 3942 unusquisque
731 3847 914 3916 mentiatur
926 3867 1045 3930 necue,
1067 3856 1126 3911 ant
1139 3839 1255 3934 clipea
1269 3863 1364 3908 nten-

244 3961 304 4032 tali
317 3960 519 4034 alienatione
537 3963 681 4051 laboret,
702 3965 782 4032 dum
803 3977 1014 4058 protestatur
1026 3957 1174 4030 sctnlun
1189 3955 1362 4026 revelatio·

244 4101 320 4146 uem
343 4077 511 4148 habuisse.
532 4082 576 4148 Et
599 4103 677 4148 cum
701 4077 794 4148 nulla
824 4078 870 4148 sit
887 4075 1072 4148 auctoritas
1089 4074 1131 4144 ad
1155 4072 1222 4142 hoc
1239 4051 1363 4142 discer-

243 4191 392 4263 nendum
407 4208 441 4260 et
459 4191 691 4290 judicandum,
706 4195 843 4262 incertae
856 4217 988 4286 semper
996 4189 1220 4260 rornanehnnt
1234 4188 1363 4281 privatae

242 4309 440 4404 hujusmodi
463 4309 718 4403 inspirationes3
746 4335 787 4384 ac
813 4307 955 4404 proinde
974 4331 1149 4401 nunquam
1173 4329 1217 4375 ex
1235 4303 1300 4374 illis
1312 4303 1363 4396 jus

244 4425 354 4498 ullum
380 4425 594 4523 disciplicere
614 4443 744 4500 certum
764 4427 845 4497 oriri
866 4427 1015 4522 poterit:
1036 4423 1126 4494 unde
1142 4421 1300 4518 prodicta
1313 4439 1364 4488 re·
1459 4505 1460 4512 ἵ
