3004 5070
254 357 326 434 300
712 384 920 436 rnrcrtrus

252 527 450 584 memorum
466 511 788 601 administratam,
798 514 950 612 aliisque
965 514 1385 610 eeclesiasticirjanctio·

253 626 358 698 nitus
380 630 516 698 servari
538 627 675 699 debent.
700 627 768 699 Sed
795 630 822 699 si
850 631 903 698 isti
930 631 1016 702 ritus
1043 633 1178 701 servari
1197 630 1337 719 debent,
1364 659 1385 704 a

252 740 388 812 fortiori
411 741 551 814 cuilibet
568 765 627 812 eos
644 765 777 814 serrare
796 741 926 813 licitum
946 759 1008 815 est.

254 899 259 912 ·
300 863 466 932 Praeterea
480 861 569 931 idem
591 860 748 932 Pontifex
769 859 981 933 tortora-tn
995 866 1150 933 Domino
1163 889 1295 954 omnes,
1312 867 1385 935 sine

251 982 462 1072 exceptione,
477 978 519 1049 ad
533 1003 620 1072 quos
635 978 793 1073 pertinet,
809 977 1044 1049 Patrtirrclras
1054 1003 1186 1074 nempe,
1197 980 1386 1076 Archiepr'-

250 1115 395 1188 scopos,
418 1095 617 1189 Episcopos
640 1107 676 1162 et
700 1115 818 1162 eorum
843 1095 1019 1178 vicarios,
1049 1117 1188 1164 necnon
1213 1093 1380 1182 abbates,

244 1205 426 1303 parochos
443 1209 620 1278 unt'uersos
634 1205 762 1304 ubique
781 1206 934 1278 locorum
952 1208 1157 1295 existentes,
1182 1223 1216 1278 et
1227 1207 1322 1278 alios
1336 1207 1389 1278 ad

251 1345 340 1419 quos
355 1337 505 1417 spectat,
527 1337 566 1391 ut
585 1321 678 1390 dicto
702 1320 814 1390 rituali
837 1335 1001 1390 utantur:
1025 1345 1130 1417 porro
1152 1322 1295 1393 cuilibet
1314 1323 1383 1392 cle·

252 1439 324 1508 rieo
339 1452 372 1508 et
392 1437 482 1508 fideli
495 1463 628 1533 semper
642 1437 771 1508 licitum
789 1452 842 1508 est
851 1438 1103 1508 hortationibus
1118 1440 1248 1509 Summi
1264 1443 1385 1511 Ponti·

253 1551 336 1637 licis,
357 1551 485 1621 Christi
508 1553 544 1621 in
573 1553 672 1621 terris
692 1553 822 1640 vicarii,
851 1577 979 1621 morem
1006 1575 1141 1648 gerere3
1161 1577 1243 1648 ergo
1268 1551 1387 1624 licebit

252 1667 370 1737 saltem
394 1651 541 1736 ¹cuilibet
574 1668 725 1761 parocho
769 1682 803 1737 et
832 1667 956 1737 clerico
984 1668 1227 1762 cujuscumque
1268 1667 1386 1740 latinae

253 1779 401 1852 ecclesiae
439 1781 473 1850 in
505 1781 737 1851 ministrandis
766 1783 1002 1868 sacramentis,
1037 1781 1180 1876 aliisque
1214 1783 1386 1853 obeundis

253 1893 487 1967 functionibus
506 1893 752 1984 ecelesiasticis,
769 1899 962 1966 Romanum
983 1897 1105 1967 rituale
1124 1898 1234 1990 sequi.

302 2013 370 2082 Neo
387 2011 570 2107 objiciatur
585 2011 619 2079 id
636 2011 756 2080 salsum
776 2037 846 2081 esse
866 2013 900 2080 in
919 2012 1130 2098 dioecesibus,
1140 2013 1176 2080 in
1194 2013 1324 2107 quibus
1342 2013 1385 2082 ab

252 2125 421 2220 Episcopo
448 2123 540 2194 aliud
573 2121 694 2192 rituale
722 2121 952 2193 adhibendum
973 2125 1258 2220 praescriberetur.
1291 2130 1385 2195 Dum

253 2240 343 2309 enim
370 2242 531 2308 Summus
557 2239 714 2308 Pontifex
741 2238 929 2332 quemlibet
955 2240 1201 2334 cujuscumque
1231 2241 1386 2312 dioecesis

253 2351 415 2424 clericum
438 2355 599 2424 hortatur
626 2369 664 2442 ut
682 2355 802 2423 rituale
815 2358 1014 2424 'Romanum
1034 2353 1206 2443 adhibeat,
1225 2355 1291 2424 hoc
1310 2357 1386 2451 ipso

253 2473 283 2542 ei
307 2470 477 2541 licentiam
500 2471 657 2542 concedit
685 2471 749 2542 boc
767 2469 881 2540 rituali
906 2470 1036 2540 utendi.
1056 2471 1245 2541 Licentiam
1271 2485 1386 2539 autern

253 2589 434 2656 aSmnmo
461 2585 630 2656 l’ontilice
652 2609 856 2672 concessam,
880 2610 951 2654 non
978 2600 1092 2680 potest
1115 2585 1304 2679 Episcopus
1327 2610 1388 2679 per

254 2715 457 2796 praeceptum
476 2702 685 2770 contrarium
705 2699 840 2787 tollere3
859 2699 1010 2795 alioquin
1026 2715 1225 2796 sequeretur
1242 2702 1387 2794 Episco-

253 2839 337 2910 pum
358 2841 429 2886 esse
455 2815 693 2910 jurisdictione
714 2815 922 2910 superiorem
945 2821 1053 2911 Papae,
1073 2816 1165 2910 quod
1184 2815 1384 2884 haereticum

256 2948 317 3002 est.
356 2931 458 3002 Unde
488 2929 604 3001 nullus
633 2931 703 3025 jam
724 2932 909 3026 Episcopus
937 2947 1050 3027 potest
1075 2934 1213 3027 propria
1233 2934 1387 3001 auctori-

254 3061 325 3116 tate
337 3045 462 3117 rituale
479 3053 667 3118 aRomano
686 3047 856 3116 diversum
872 3047 1108 3141 praescribere3
1125 3061 1169 3136 et,
1184 3048 1212 3116 si
1230 3047 1392 3141 praecipe·

254 3175 326 3248 ret,
340 3177 544 3257 praeceptum
559 3162 633 3255 ejus
649 3176 733 3231 esset
750 3159 852 3256 pleno
870 3163 949 3256 jure
966 3162 1096 3232 nullum
1111 3176 1145 3231 ct
1159 3163 1318 3250 irritum3
1344 3162 1390 3232 si·

259 3275 396 3369 quidem
423 3277 466 3346 ad
500 3276 547 3345 illi
579 3277 883 3373 obtemperandum
915 3278 1001 3348 nulli
1028 3279 1279 3373 obligarentur,
1309 3303 1390 3348 cum

257 3413 389 3486 semper
412 3393 495 3488 ipsis
520 3407 710 3462 remaneret
736 3391 891 3483 facultas,
915 3393 957 3462 ab
983 3393 1178 3489 Apostolica
1203 3394 1283 3463 sede
1308 3417 1392 3464 con·

257 3529 362 3594 cessa,
378 3512 531 3577 Romana
547 3508 664 3577 utendi
678 3507 837 3578 formula.

305 3621 399 3692 Idem
431 3623 654 3692 confirmatur
681 3649 722 3692 ex
739 3648 841 3694 sacrae
863 3626 1147 3721 Congregationis
1170 3625 1300 3692 rituum
1330 3623 1388 3694 ‹lc-
1500 3699 1501 3720 2

259 3735 458 3826 obrutione,
483 3739 538 3812 die
554 3763 599 3808 22
625 3739 707 3808 Maii
733 3739 819 3825 1841
840 3740 882 3809 ad
903 3744 1043 3810 Petrum
1062 3740 1217 3834 Noseley‚
1243 3740 1388 3809 civitatis

258 3852 516 3922 Bar-sur·Aube
547 3853 734 3947 paroclium
767 3854 907 3923 directa.
938 3854 1079 3923 Petebat
1107 3851 1278 3948 parochus
1314 3849 1389 3940 ille,

258 3987 307 4032 an
333 3968 372 4034 in
397 3965 690 4037 administrandis
711 3967 880 4038 Ecclesia
907 3970 1143 4039 sacramentis
1167 3966 1295 4037 rituali
1322 3972 1388 4036 Ho-

258 4103 367 4148 mano
385 4083 566 4176 utiposuet
576 4109 587 4154 .·
600 4084 634 4152 in
653 4085 756 4179 ipsius
772 4100 885 4153 autem
904 4085 1038 4154 dioecesi
1050 4083 1223 4179 (Trecensi
1239 4079 1386 4176 nempe).

258 4191 352 4265 aliud
381 4207 464 4264 tuuc
494 4199 658 4291 temporis
686 4221 706 4266 a
736 4202 893 4268 Romano
914 4199 1085 4268 diversum
1115 4195 1238 4266 rituale
1262 4196 1296 4262 in
1324 4219 1387 4262 usu

260 4325 345 4380 erat.
364 4311 428 4381 Cui
447 4325 560 4380 tamen
582 4314 721 4406 quaesito
739 4339 758 4383 u
773 4317 809 4384 S.
823 4314 1098 4410 Congregatione
1110 4333 1307 4406 responsum
1322 4321 1385 4396 est,

259 4429 297 4494 in
315 4451 403 4497 casu
417 4427 633 4521 affirmative
646 4428 751 4525 (apud
771 4431 972 4520 Gardellini,
991 4426 1273 4525 numero-4779).
