3018 5070
479 621 897 739 TRACTATUS

660 943 708 988 Du

194 1203 468 1362 June
534 1202 1171 1391 errunoroo.
1306 1423 1308 1428 Ι

470 1559 909 1592 *ὠή-σσσμ-

333 1785 487 1840 acutus
507 1785 747 1842 Tuscuarus
769 1785 1050 1842 utsuuluua‘m.

175 1997 269 2090 Quid
285 1997 335 2066 rei
349 1997 394 2066 sit
409 1995 547 2092 liturgia
559 2010 593 2066 et
605 2021 673 2090 quo
684 1995 840 2066 habenda
850 1994 937 2084 loeo,
950 1996 1015 2064 nisi
1027 1997 1102 2090 quis
1113 1996 1147 2064 in
1158 2011 1253 2066 ante·

126 2143 255 2190 cessum
272 2118 424 2212 apprime
437 2117 658 2212 perspexerit,
678 2118 713 2184 in
732 2114 916 2218 lustrandis
932 2131 1046 2208 postea
1061 2141 1161 2210 quarn
1173 2116 1251 2209 plu-

126 2232 221 2302 ribus
242 2233 384 2326 hujusce
403 2230 614 2301 tractationis
634 2229 877 2322 quaestionibus
901 2254 970 2298 nou
985 2255 1062 2299 raro
1077 2232 1251 2318 caecutict,

127 2361 229 2440 atque
261 2348 297 2416 in
326 2344 424 2415 falsas
450 2343 547 2414 facile
572 2341 806 2414 conclusiones
835 2344 1045 2414 errabundus
1075 2345 1250 2440 impinget.

127 2463 216 2532 Hinc
234 2463 345 2558 primo
367 2459 408 2530 de
426 2457 571 2554 liturgiae
594 2474 715 2530 natura
741 2473 775 2528 et
803 2461 917 2542 valore
940 2460 1131 2556 dogmatico
1150 2461 1254 2532 disse-

128 2575 271 2644 rendum
290 2575 398 2644 visum
415 2589 474 2644 est.
494 2575 572 2662 Qua
593 2575 760 2670 praemissa
780 2587 882 2668 atque
908 2573 1088 2670 diligenter
1108 2601 1253 2670 expensa

128 2691 283 2777 notione,
301 2689 428 2758 fontem
442 2689 553 2783 ipsum
566 2688 653 2784 juris
668 2687 814 2783 liturgici
830 2688 1019 2758 adibimus:
1037 2691 1253 2784 exquiremus

129 2803 256 2874 scilicet
274 2805 413 2898 quinam
435 2801 483 2872 illi
502 2803 570 2872 sint
591 2827 692 2896 penes
715 2827 798 2897 quos
821 2803 965 2874 resideat
987 2805 1073 2898 juris
1092 2804 1135 2876 de
1156 2806 1254 2876 litur-

130 2926 182 3018 gia
210 2922 350 2992 dicundi
381 2935 540 3018 potestas.
572 2924 661 2991 Tum
692 2921 829 3016 synopsi
858 2921 1019 2990 historica
1048 2945 1254 3016 exponemus

130 3061 278 3132 quonam
297 3035 399 3106 modo
418 3061 489 3106 sese
503 3036 546 3104 de
565 3035 658 3104 facto
676 3035 852 3124 habuerit,
872 3034 915 3102 ab
933 3034 1127 3105 exordiente
1140 3035 1254 3106 Eccle-

129 3153 177 3221 sia
196 3177 303 3246 usque
324 3176 436 3240 nunc,
463 3149 656 3246 legislativae
674 3150 765 3220 circa
780 3149 955 3244 liturgiam
970 3153 1146 3246 potestatis
1164 3177 1257 3222 exer-

129 3268 264 3353 citium;
285 3291 361 3362 quae
387 3266 556 3337 factorum
579 3265 820 3336 historicorum
846 3266 989 3335 deducta
1009 3268 1128 3352 series,
1151 3267 1256 3336 tradi·

131 3396 198 3450 tam
212 3381 253 3450 de
262 3381 350 3476 juris
365 3379 514 3476 liturgici
532 3381 626 3450 fonte
637 3379 826 3451 doctrinam
842 3406 912 3449 non
922 3405 1043 3474 parum
1061 3378 1256 3452 illustrabit.

130 3499 172 3566 Et
189 3498 262 3566 haec
289 3497 428 3590 quidem
456 3497 546 3567 viam
572 3511 724 3567 sternent
747 3495 789 3566 ad
817 3497 1022 3590 praecipuam
1048 3498 1257 3568 tractationis

130 3625 278 3706 partem,
292 3611 327 3678 in
346 3634 415 3706 qua
435 3635 553 3704 nempe
575 3610 873 3680 determinabimus
891 3611 1063 3705 quodnam
1084 3613 1185 3682 hodie
1207 3615 1258 3682 vi·

21 3729 25 3737 “
132 3739 208 3818 goat
223 3725 279 3818 jus
297 3721 523 3820 liturgicum,
546 3740 619 3794 tum
640 3725 732 3819 apud
762 3724 960 3815 orientales,
988 3742 1060 3796 tum
1084 3728 1175 3822 apud
1197 3753 1256 3800 oc·

131 3837 311 3908 cidentales
329 3838 506 3910 Ecclesias.
524 3840 725 3934 Hujusmodi
744 3855 857 3910 autem
874 3842 1075 3912 hodiernum
1085 3843 1142 3938 jus
1159 3845 1257 3914 nobis

130 3954 165 4022 in
180 3954 354 4048 proposito
377 3970 428 4026 est
446 3953 601 4026 evolvere
616 3970 748 4026 tantum
761 3941 872 4052 quoad
889 3958 1072 4052 praecipuas
1089 3973 1121 4028 et
1132 3959 1257 4029 funda·

130 4066 292 4138 mentales
305 4068 465 4165 regulas,
476 4096 532 4161 ne,
549 4076 577 4142 si
596 4096 659 4168 per
679 4069 829 4166 singulas
846 4074 895 4142 rei
919 4071 1087 4167 liturgicae
1099 4075 1257 4145 materias

130 4205 307 4254 excurrere
325 4183 503 4276 vellemus,
525 4186 559 4254 in
582 4187 782 4256 immensum
799 4202 1005 4257 excresceret
1019 4190 1187 4279 tractatio,
1204 4204 1256 4260 at·

130 4318 195 4390 que
211 4298 449 4370 aiastituubnes
466 4299 580 4396 potius
599 4299 797 4399 liturgicus,
816 4326 917 4396 quam
931 4316 1113 4372 tractatum
1127 4302 1256 4396 dejure

131 4408 288 4507 liturgico
302 4411 495 4486 videremur
512 4430 700 4487 contexere.
