2978 5076
206 359 208 362 ’
263 369 330 461 174
613 384 616 394 ·
717 381 923 431 rnncrnrus

205 553 217 574 .
249 541 252 548 r
306 511 358 580 Ibi
386 511 439 604 agi
468 507 509 577 de
534 523 631 603 parte
658 507 758 577 etiam
786 506 904 578 mobili
931 522 965 576 et
988 531 1057 578 non
1083 509 1250 580 essentiali
1277 537 1385 586 sacrae

200 659 202 662 ·
248 625 402 721 'liturgiae
419 637 548 694 certum
569 621 647 694 lacit
672 636 742 692 tota
771 621 921 718 epistolae
938 623 1051 693 series.
1068 627 1143 698 Nec
1160 625 1273 696 nimus
1291 646 1389 722 patet

259 755 411 812 sanctum
430 743 659 828 innocentem,
672 739 874 807 enumeratis
895 738 1040 807 ecclesiis
1055 741 1178 833 quibus
1198 742 1388 814 catholicus

258 871 340 927 tunc
359 857 535 927 constabat
553 853 733 944 Occidens,
748 853 880 923 hortari
902 867 940 922 ut
956 854 990 923 in
1009 854 1166 924 omnibus
1193 855 1302 926 forma
1330 883 1389 927 ro-

257 997 356 1043 mana
377 987 541 1062 servetur,
561 985 595 1041 et
613 971 790 1040 varietates
809 971 909 1066 juxta
927 970 1019 1041 hanc
1037 970 1188 1067 regulam
1208 971 1386 1048 tollantur.

256 1089 297 1159 Id
311 1089 453 1159 dubium
473 1115 544 1159 esse
561 1102 685 1185 posset,
706 1103 821 1157 utrum
838 1087 947 1156 dictus
963 1087 1120 1158 Pontifex
1137 1087 1296 1158 hortetur
1309 1105 1387 1162 tan·

256 1220 342 1295 tum,
363 1232 406 1275 au
429 1229 507 1277 vero
531 1204 630 1274 etiam
653 1203 839 1300 praecipiat.
859 1203 925 1271 Sed
945 1203 972 1271 si
993 1217 1063 1273 tota
1089 1218 1216 1274 attente
1234 1231 1388 1301 perpen-

257 1322 357 1392 datur
381 1319 535 1416 epistola,
562 1319 750 1390 hortatoria
780 1323 895 1414 potius
920 1343 1025 1413 quam
1047 1319 1162 1390 stricte
1184 1323 1386 1417 praeceptira

256 1439 454 1533 reperietur.
476 1435 695 1508 Contrarium
713 1437 740 1505 si
760 1435 836 1530 quis
853 1433 1007 1526 sentiret,
1029 1433 1126 1506 fateri
1146 1434 1264 1506 saltem
1282 1435 1387 1509 debe·

178 1537 183 1546 ’
256 1568 307 1622 ret
326 1553 471 1623 noluisse
486 1549 715 1647 Apostolicam
735 1550 849 1622 sedem
867 1549 1064 1646 hujusmodi
1077 1551 1250 1622 decretum
1270 1555 1386 1625 stricte

257 1693 388 1764 urgere,
411 1667 543 1737 cumin
563 1665 717 1764 pluribus
741 1665 887 1736 ecclesiis
910 1691 980 1735 non
1002 1692 1118 1765 pauca
1137 1671 1387 1763 permanserint

257 1786 435 1853 varietates
455 1782 632 1876 liturgicae.

304 1901 383 1968 Post
402 1901 436 1969 S.
457 1902 677 1969 Innocentern
695 1899 721 1986 l,
737 1893 794 1967 alii
812 1897 957 1967 Romani
973 1897 1155 1969 Pontifices
1170 1900 1208 1970 in
1223 1899 1384 1970 eumdem

258 2039 392 2084 sensum
414 2015 586 2109 scripsisse
608 2015 845 2109 reperiuntur;
873 2014 957 2107 quin
975 2029 1090 2085 tamen
1108 2015 1219 2086 adhuc
1239 2015 1384 2113 liturgiae

239 2135 242 2140 ’
256 2135 418 2202 Romanae
432 2126 539 2199 forma
550 2130 753 2226 praeceptive
762 2130 962 2201 decernatur
971 2131 1006 2202 in
1015 2132 1384 2226 Occidenteservanda,

256 2259 289 2314 et
322 2235 590 2314 determinentur
618 2243 832 2315 conditiones
853 2267 998 2338 quarum
1028 2245 1205 2342 privilegio
1231 2247 1384 2344 quaedam

258 2359 403 2432 ecclesiae
423 2360 586 2456 possi‘uta
605 2358 754 2456 generali
772 2359 844 2455 lege
860 2359 974 2430 eximi.

303 2481 397 2547 Dum
418 2501 497 2546 vero
516 2479 549 2548 S.
571 2477 791 2546 Innocentius
817 2477 935 2546 asserit
957 2471 1107 2568 nullam,
1134 2477 1168 2546 in
1185 2477 1323 2574 liturgia
1342 2481 1384 2550 ab

256 2591 450 2690 apostolicis
465 2591 545 2662 viris
564 2591 714 2687 primum
732 2591 868 2680 tradita,
877 2592 1025 2662 extitisse
1034 2593 1244 2685 varietatem,
1261 2610 1295 2664 et
1315 2621 1383 2666 non

256 2707 323 2778 nisi
346 2732 387 2776 cx
407 2703 629 2804 corruptione
648 2703 871 2774 traditionum
890 2703 1119 2776 introductam
1140 2705 1382 2800 diversitatem,

257 2822 292 2893 id
312 2819 584 2917 restringendum
604 2819 646 2889 ad
664 2819 863 2890 Occidentis
885 2817 1040 2890 ecclesias
1059 2835 1129 2891 tota
1153 2824 1273 2893 suadet
1286 2847 1384 2920 argu·

255 2938 430 3009 mentatio.
450 2941 503 3007 De
521 2935 561 3006 iis
580 2935 670 3005 euim
690 2934 865 3005 dumtaxat
884 2933 1039 3006 laudatus
1055 2937 1212 3008 Pontifex
1232 2939 1381 3029 disserit3

255 3068 290 3123 et
319 3053 395 3122 ideo
416 3051 571 3148 liturgias
593 3050 784 3121 uniformes
804 3052 839 3119 in
859 3050 913 3120 his
935 3051 1132 3146 regionibus
1156 3053 1256 3123 initio
1283 3053 1381 3125 fuisse

257 3167 443 3255 contendit,
460 3165 540 3261 quia
560 3165 602 3249 ab
620 3167 722 3235 unico
742 3163 898 3263 apostolo
913 3169 1013 3236 Petro
1034 3191 1088 3235 eas
1103 3165 1235 3238 fluxisse
1252 3183 1381 3240 certum

257 3299 318 3356 est.
344 3287 456 3378 Atque
476 3282 522 3351 sic
540 3278 709 3351 intellecta
729 3285 767 3352 S.
788 3279 980 3351 Innocentii
999 3281 1166 3373 doctrina,
1187 3281 1380 3356 nullatenus

255 3397 458 3471 contradicit
478 3395 563 3467 thesi
588 3395 742 3490 superius
765 3394 893 3489 positae,
914 3419 982 3490 qua
1010 3396 1119 3467 varias
1138 3397 1277 3469 averiis
1295 3423 1381 3496 apo·

255 3513 350 3585 stolis
370 3514 541 3584 institutas
559 3510 713 3605 liturgias
730 3509 985 3581 affirmavimus.
1132 3525 1136 3532 ’

306 3630 487 3700 Permissas
505 3627 606 3696 fuisse
625 3625 778 3696 ecclesias
796 3626 896 3696 ctiam
916 3627 950 3694 in
974 3625 1158 3697 Occidente
1178 3643 1254 3724 post
1272 3631 1307 3700 S.
1323 3631 1378 3698 Iu·

258 3745 456 3816 nocentium
474 3746 503 3833 I,
525 3742 687 3837 quasdam
709 3740 772 3812 sibi
795 3741 949 3837 proprias
970 3740 1185 3839 liturgiarum
1206 3745 1380 3814 varietates

257 3863 416 3951 retinere,
438 3858 563 3928 invicte
584 3857 707 3953 probat
725 3860 831 3927 sancti
855 3857 1014 3954 Gregorii
1037 3859 1155 3955 Magni
1181 3861 1225 3929 ad
1251 3863 1286 3930 S.
1315 3863 1380 3930 Au·

250 3976 430 4070 ‚gustinum
461 3970 590 4070 Angliae
619 3972 809 4069 apostolum
832 3973 1019 4068 responsio.
1057 3974 1230 4045 Siscitanti
1262 3999 1379 4070 nempe

257 4089 463 4184 Augustino,
485 4114 559 4180 cur,
581 4113 661 4162 cum
680 4087 868 4182 urrafides,
889 4105 973 4160 sunt
988 4089 1216 4160 ecclesiarum
1240 4115 1380 4162 conrue-

256 4201 394 4274 tudiuer
414 4222 486 4276 tam
509 4205 664 4293 diversae,
690 4205 860 4276 etaltera
881 4205 1092 4278 consuetudo
1114 4209 1307 4278 missarum
1328 4223 1379 4277 est

253 4322 292 4390 iu
310 4325 470 4393 Romana
489 4322 664 4410 Ecclesia,
685 4338 794 4420 atque
812 4322 925 4394 altera
947 4324 985 4394 in
1008 4321 1204 4396 Galliarum
1223 4321 1379 4394 ecclesiis
1475 4360 1476 4368 κ

256 4441 416 4510 tenetur?
426 4441 471 4511 ita
486 4439 657 4543 rescripsit
666 4453 803 4512 sanctus
816 4427 1006 4542 Gregorius
1020 4463 1059 4518 :·«
1067 4442 1172 4520 Novit
1188 4437 1379 4517 fraternitas
