2978 5076
491 385 540 428 nn
565 384 654 432 sune
679 383 886 432 cirnacrco.
1176 360 1247 432 233

120 536 137 572 a
156 505 283 576 addere
301 518 361 575 aut
382 503 561 578 detrahere
583 504 779 600 quidquam.
804 505 907 594 Quod
935 507 1060 599 siquis
1080 507 1245 577 rationem

120 649 137 684 a
154 620 262 714 ipsam
280 620 474 706 immutare,
494 633 555 688 eut
572 617 673 688 aliter
688 643 791 712 quatu
805 623 958 690 Romana
975 619 1152 715 disciplina
1164 647 1248 715 prac-

121 734 275 804 ascribit
303 734 445 805 recitare
476 732 610 821 audeat,
641 734 734 804 hune
763 759 953 822 monemus,
983 737 1093 830 primo
1111 736 1248 828 quidem

119 881 136 916 «
155 850 288 920 muneri
304 873 366 920 suo
384 873 462 918 eutn
479 849 560 922 cutio
577 844 645 918 riou
663 848 792 936 sacere;
810 848 931 920 deindo
949 850 1115 920 mortiferi
1136 850 1248 921 delicti

119 997 137 1034 <r
156 967 299 1038 erimine
334 967 460 1051 teneria
488 978 660 1061 postremo
694 964 825 1037 fructus
860 963 1105 1036 beneficiorum
1133 965 1175 1036 ab
1208 990 1248 1036 eo

118 1111 136 1146 r
155 1095 332 1176 perceptos
351 1079 542 1150 reddendos
562 1103 649 1164 esse3
668 1079 836 1174 siquidem
864 1078 970 1150 officii
993 1080 1158 1150 rationem
1184 1103 1247 1150 ne-

118 1225 136 1260 u
155 1195 283 1290 gligere
302 1219 341 1266 ac
359 1209 562 1288 pervertere,
581 1195 720 1288 perinde
739 1210 789 1266 est
805 1219 844 1266 ac
862 1193 1011 1264 officium
1035 1195 1147 1289 ipsum
1163 1221 1249 1290 prae-

120 1340 137 1376 α
156 1313 355 1382 termittere.
374 1311 498 1406 »(Cap.
516 1308 602 1397 486,
616 1310 698 1380 folio
719 1309 1248 1408 roaverso,ed.Venet.1597.)

167 1427 333 1498 XXVlll.
362 1423 525 1517 Synodur
549 1424 807 1496 Brurtduor'rza:

170 1569 188 1606 α
210 1541 358 1636 Regulus
382 1540 545 1612 Breriarii
575 1555 608 1608 et
640 1537 785 1612 Missalis
817 1553 951 1633 oportet
980 1538 1150 1633 perlegere
1173 1538 1249 1610 fre-

118 1687 135 1722 «
152 1672 310 1751 quenter‚
331 1657 423 1728 utin
446 1656 548 1728 modo
568 1655 732 1726 recitandi
752 1680 822 1726 uon
848 1654 907 1724 fiat
924 1680 1021 1726 error
1041 1681 1050 1724 ε
1071 1679 1148 1724 nant
1169 1657 1249 1748 'post

120 1771 359 1842 «breviarium
384 1775 577 1842 Romanum
594 1771 646 1842 Pii
667 1774 711 1858 V,
731 1769 825 1840 adest
844 1785 1051 1866 praeeepturn
1076 1771 1176 1839 etium
1207 1769 1248 1840 de

118 1890 268 1975 «ruodo,
308 1905 342 1960 et
372 1891 437 1960 lroe
465 1888 560 1960 valde
591 1888 778 1960 notandum
799 1903 851 1958 est
875 1917 893 1956 a
919 1889 1089 1983 (Synodus
1115 1887 1246 1958 dioeces.

119 2006 346 2094 Brundusina,
360 2007 441 2076 anui
464 2004 570 2103 1617,
590 2030 663 2100 cap.
682 2029 715 2100 7,
732 2002 776 2072 dc
795 2001 915 2098 efficti)
936 2003 1064 2094 dircite,
1083 2029 1160 2101 pag.
1182 2030 1244 2102 91,

119 2119 200 2190 edit.
221 2125 338 2190 Rornae
356 2118 474 2215 1623).

166 2239 298 2305 XXIX.
325 2233 486 2330 synodis
499 2235 712 2306 Placentina
731 2261 741 2304 .·

170 2380 188 2415 u
209 2352 280 2439 Qui
305 2349 348 2420 ad
368 2350 474 2420 divini
501 2352 733 2420 recitationem
759 2348 863 2419 officii
885 2349 1133 2441 astringuntur,
1161 2345 1245 2418 illud

118 2494 135 2530 α
154 2467 295 2544 omniuo
309 2466 423 2536 dicant
433 2466 530 2560 juxta
550 2466 693 2536 formam
712 2479 745 2534 et
764 2464 899 2559 regulas
920 2464 1082 2536 breviarii
1100 2465 1245 2534 llomani

118 2605 192 2648 rex
215 2579 359 2652 concilio
383 2582 583 2652 Tridentino
606 2583 703 2668 editi3
729 2579 813 2651 nihil
840 2581 973 2676 penitus
992 2579 1120 2650 addant
1136 2580 1246 2652 immi·

118 2723 134 2758 α
153 2710 314 2766 nuantve.
334 2697 459 2790 Siquis
474 2712 587 2767 autem
600 2696 666 2766 alia
679 2697 811 2768 ratione
824 2721 929 2792 quam
950 2695 995 2766 ibi
1016 2695 1247 2790 praescribitur

117 2839 134 2874 α
149 2810 252 2880 horas
274 2813 453 2882 canonicus
480 2813 681 2900 recitaverit,
712 2813 824 2908 primo
848 2813 931 2882 sciat
946 2837 982 2882 se
1003 2826 1171 2906 praecepto
1197 2811 1246 2880 di-

115 2955 132 2988 «
149 2927 248 2996 cendi
265 2927 415 2998 officium
437 2955 505 2998 non
524 2929 741 3017 satisfecisse3
778 2927 899 2998 exinde
919 2925 1007 2996 ultra
1023 2941 1153 2994 reatuin
1171 2951 1248 3019 pec-

116 3043 219 3110 ecati
252 3041 405 3114 mortalis
442 3046 547 3114 teneri
578 3043 622 3138 ad
648 3044 899 3114 restitutionem
932 3041 1033 3110 etiam
1069 3040 1245 3110 fructuum

116 3184 134 3220 r
150 3161 397 3252 cujuscumque
409 3158 576 3244 beneficii,
597 3182 660 3252 pro
674 3172 745 3226 rata
757 3157 917 3250 temporis
932 3180 1000 3250 quo
1017 3177 1130 3249 preces
1145 3153 1246 3224 hora·

115 3303 134 3337 ι(
153 3273 221 3344 rias
234 3299 302 3343 non
322 3276 385 3342 rite
401 3273 592 3342 recitaverit
611 3299 629 3340 u
653 3271 822 3369 (Synodus
835 3270 1030 3342 Placentina
1043 3269 1125 3340 anni
1142 3266 1245 3365 1589,

116 3413 196 3483 pag.
209 3413 269 3484 97,
287 3387 368 3458 edit.
386 3386 564 3458 Plcoentiae
583 3384 703 3482 1589).

165 3508 280 3574 XXX.
306 3505 480 3574 Doctrina
497 3500 677 3574 Benedicti
688 3505 782 3572 XIV
798 3527 808 3570 .·

169 3647 187 3684 «ε
211 3619 393 3713 Negotium
408 3617 543 3686 tandem
557 3617 621 3688 suit
631 3617 694 3686 sub
708 3616 772 3686 lroc
786 3615 948 3685 Pontifice
962 3613 1101 3710 (ricmpe
1119 3614 1181 3684 Pio
1197 3615 1244 3708 V)

114 3732 297 3804 «feliciter
330 3729 537 3816 absolutum,
573 3730 859 3824 ‹prtemndmoduur
886 3729 1075 3800 desumitur
1101 3754 1142 3798 ex
1169 3730 1243 3822 ejus

114 3878 131 3912 ιι
151 3849 394 3918 constitutione
413 3845 488 3934 (64,
506 3845 649 3918 Bullarii
667 3861 750 3918 torn.
765 3846 833 3942 ll);
852 3846 888 3913 iu
907 3870 975 3939 qua
990 3843 1136 3916 abolevit
1150 3869 1243 3938 quee-

113 3993 133 4030 e
152 3987 298 4060 cumque
322 3962 389 4034 alia
416 3962 596 4047 breviaria,
623 3964 743 4056 quovis
773 3961 876 4030 etiam
902 3958 1079 4055 privilegio
1102 3961 1244 4044 munita,

113 4106 134 4142 «
154 4079 300 4172 exceptis
325 4075 403 4164 illis,
434 4101 508 4171 quae
532 4077 567 4146 in
596 4077 667 4170 ipsa
697 4076 807 4169 prima
828 4074 1039 4146 institutione
1064 4074 1204 4146 luissent
1225 4098 1245 4143 a

113 4222 132 4258 a
150 4191 228 4262 sede
245 4191 435 4287 Apostolica
452 4192 650 4286 approbata,
669 4188 719 4260 vel
731 4215 807 4284 quae
819 4215 883 4260 usu
900 4189 1127 4262 ducentorum
1143 4212 1246 4260 auno·

114 4337 132 4372 a
153 4333 228 4378 rum
257 4308 292 4378 in
311 4308 481 4403 aliquibus
501 4307 648 4380 eeclesiis
668 4322 802 4402 receptu
822 4306 1000 4378 fuissent...
1031 4307 1243 4374 Memoratus

113 4452 133 4488 a
153 4439 289 4494 sanctus
331 4423 411 4496 Pius
442 4425 528 4493 Vin
559 4424 663 4494 citata
688 4422 932 4494 constitutione
961 4419 1174 4515 praescripsit,
1202 4443 1246 4487 ne
