3018 5070
252 319 302 408 34
711 337 917 388 ueteranus

300 466 496 538 Coucordat
520 463 740 538 Mabiliouius
764 468 815 548 (in
837 490 897 534 suo
916 489 1018 559 opere
1046 463 1089 536 de
1110 463 1247 559 liturgia
1275 465 1378 560 gatti-

252 608 347 671 cana,
369 581 393 651 l.
418 607 443 672 1,
462 607 498 675 p.
520 579 554 674 ι)
574 607 582 650 :
601 609 618 646 a
638 584 727 650 Cum
746 581 837 652 veria
859 581 926 650 sint
944 593 1143 672 argumenta
1164 605 1242 672 quae
1262 605 1377 652 veram

252 701 323 768 «in
342 697 544 768 eucharistia
569 697 696 768 Christi
723 696 875 789 corporis
903 696 1143 789 sanguinisque
1163 698 1377 790 presentiam

252 813 447 908 «probant,
465 837 534 880 non
552 810 744 880 inferiorem
762 811 797 878 in
817 811 868 878 his
885 809 998 878 locum
1020 811 1377 904 tenentaugustissinti

250 957 267 990 rr
284 929 371 998 ritus
399 951 438 996 ae
464 926 631 998 solemnes
662 925 727 998 itta
758 951 886 1020 preces,
906 927 1030 1020 quibus
1053 927 1243 996 ctutsttanae
1267 927 1377 996 ubivis

251 1070 268 1112 u
282 1043 434 1136 gentium
454 1039 611 1134 legitimae
627 1041 803 1113 societates
820 1042 862 1112 ab
883 1040 985 1110 initio
997 1041 1033 1108 in
1046 1065 1188 1110 resacra
1204 1066 1268 1112 usae
1285 1056 1377 1112 sunt.

251 1185 268 1220 a
287 1155 328 1226 Id
346 1156 436 1224 enim
461 1155 571 1224 modis
594 1157 751 1224 omnibus
774 1155 846 1248 agit
864 1155 992 1248 Spiritu
1014 1170 1129 1224 sancto
1151 1156 1298 1226 animata
1312 1158 1378 1228 &-

248 1271 393 1358 telesim
414 1285 453 1340 ut
475 1296 634 1364 magnum
655 1271 784 1364 aliquid
812 1297 852 1342 ac
876 1270 976 1364 plane
1003 1271 1159 1342 divinum
1184 1271 1250 1341 boc
1273 1270 1379 1340 sacri-

250 1415 268 1452 «ι
288 1386 366 1460 ficio
384 1386 550 1456 contineri
570 1383 682 1480 palam
703 1399 919 1479 protestetur.

300 1505 383 1572 «Le
406 1500 508 1593 degre
532 1499 711 1572 d’autorite
733 1501 791 1570 des
814 1499 985 1594 liturgies‚
1015 1501 1131 1595 inquit
1151 1501 1304 1593 Bergion,
1328 1517 1378 1570 est

253 1646 270 1680 u
289 1614 532 1687 tresdiffdrent
551 1615 592 1686 de
610 1613 695 1686 celle
714 1615 757 1686 de
780 1629 857 1686 tout
874 1630 972 1685 autre
993 1617 1078 1687 derit
1094 1641 1102 1683 ε
1118 1613 1196 1708 quel
1223 1639 1289 1708 que
1312 1618 1378 1686 soit

254 1729 322 1798 ale
344 1755 429 1808 nom¹
443 1727 570 1822 quelles
589 1743 738 1823 portent,
762 1727 846 1798 c’est
871 1729 980 1799 moins
1000 1727 1174 1822 l’ouvrage
1192 1728 1234 1798 de
1250 1727 1295 1798 tel
1312 1755 1377 1798 au-

252 1873 271 1909 o
288 1859 375 1926 teuc,
395 1869 463 1937 que
478 1843 510 1915 le
533 1858 734 1916 monument
758 1844 799 1912 de
822 1843 853 1912 la
875 1869 1040 1938 croyaucc
1054 1858 1089 1912 et
1110 1843 1152 1912 de
1169 1843 1199 1914 la
1223 1847 1377 1938 pratiquc

253 1959 387 2028 «d’une
412 1956 515 2053 eglise
542 1959 734 2038 enitere.‚...
756 1963 805 2029 Le
822 1983 908 2052 pape
929 1959 1017 2028 saint
1036 1956 1181 2028 Ce‘lestin
1204 1960 1378 2053 proposuit

254 2089 376 2144 «cette
392 2072 485 2170 regie
503 2098 570 2143 emt
586 2075 729 2167 dvdques
743 2073 801 2142 des
820 2072 945 2145 Gaudes
964 2071 1113 2166 lorsqu’il
1126 2072 1201 2143 leur
1218 2075 1378 2191 eprivait:

251 2218 270 2254 u
338 2214 411 2284 pur
432 2188 469 2257 lu
485 2188 645 2265 meruere
656 2187 742 2260 dont
755 2213 846 2269 nous
858 2187 986 2260 decons
998 2191 1112 2282 puer,
1130 2214 1380 2284 apprenousce

254 2333 271 2368 «
290 2327 358 2400 que
379 2329 468 2376 nous
490 2301 618 2374 davone
640 2307 762 2377 croire.
789 2305 886 2376 Aiusi
907 2329 946 2374 ee
967 2300 1097 2396 pontife
1123 2304 1272 2372 attestait
1298 2301 1381 2374 i’au·

253 2451 270 2486 <‹
288 2418 465 2493 tltcuticite
484 2434 517 2488 et
536 2419 707 2492 l'autorite
734 2420 794 2490 des
822 2419 975 2513 liturgica
991 2447 998 2488 :
1018 2417 1083 2488 elle
1100 2418 1184 2488 n’est
1206 2445 1264 2513 pas
1283 2418 1381 2488 dimi-

252 2563 271 2600 «
287 2533 374 2608 nude
398 2534 516 2628 depuis
541 2534 651 2604 douze
679 2548 772 2608 cents
801 2559 883 2621 ens3
908 2531 1044 2627 jusqu'a
1066 2531 1165 2603 latin
1186 2533 1243 2604 des
1264 2532 1380 2604 siecles

253 2679 272 2714 a
292 2647 355 2718 elle
374 2673 449 2720 sera
466 2647 498 2720 la
520 2649 642 2723 mdme.
659 2648 748 2721 C’est
764 2649 855 2718 donc
876 2647 1091 2742 aujourd’hui
1114 2673 1161 2716 un
1186 2648 1381 2742 tres-grand

252 2793 271 2828 u
290 2780 454 2861 avantage
482 2789 572 2859 pour
599 2763 648 2834 les
683 2761 894 2857 theologicus
913 2763 957 2832 de
978 2764 1122 2857 pouvoir
1145 2761 1314 2833 consulter
1347 2780 1382 2833 et

245 2909 271 2944 -«
290 2905 466 2974 comparer
492 2877 539 2949 les
566 2879 719 2972 liturgies
747 2879 790 2950 de
812 2893 923 2950 tontes
949 2876 995 2946 les
1019 2879 1256 2948 communiens
1282 2877 1381 2948 chre·

246 3024 270 3060 u
287 2995 418 3066 tiennes
444 3021 453 3064 ε
475 2993 498 3064 it
528 2991 615 3064 n'est
649 3019 782 3066 aucune
812 3019 943 3088 preuve
971 2992 1047 3086 plus
1074 2995 1317 3064 eouvaincante
1339 2994 1380 3064 de

250 3137 272 3173 (ι
290 3107 489 3200 l’antiquitd,
512 3106 554 3176 de
582 3107 614 3178 la
636 3110 843 3202 perpetuite',
883 3109 925 3178 de
964 3107 1226 3180 l’immutabilitd
1263 3109 1305 3178 de
1349 3109 1381 3178 la

256 3221 340 3290 «foi
361 3219 567 3314 catholique,
592 3219 867 3293 non-sentement
885 3222 1051 3294 touchant
1070 3221 1118 3292 les
1129 3222 1268 3316 dogmes
1300 3247 1381 3294 con·

255 3337 389 3409 «testes
419 3361 480 3431 par
494 3333 541 3404 les
563 3349 780 3430 protestants,
805 3336 931 3406 maisit
961 3335 1087 3431 l'egard
1111 3337 1153 3408 de
1177 3352 1252 3408 tout
1284 3355 1381 3410 autre

242 3483 271 3520 au
289 3453 387 3547 point
409 3451 452 3520 de
475 3475 640 3545 croyance
666 3481 683 3518 u
715 3450 966 3547 (Dictionuaire
992 3449 1220 3547 theologique,
1243 3478 1287 3522 au
1309 3469 1381 3524 mot

254 3565 432 3660 Liturgie).

303 3685 354 3752 Ex
372 3679 526 3753 adductis
540 3679 757 3754 citationibus
775 3695 867 3774 patet
883 3707 1097 3758 communem
1115 3697 1149 3756 et
1170 3698 1380 3754 constantem

251 3796 445 3887 doctrinam
454 3798 592 3867 Patrum
614 3809 649 3866 et
666 3794 847 3869 doctorum
864 3799 952 3869 eirca
969 3796 1117 3870 valorem
1139 3796 1284 3893 liturgiae
1300 3799 1382 3893 dog·

251 3910 425 3995 matteum,
445 3934 543 4004 posse
563 3909 689 3981 resumi
708 3911 771 3984 sub
794 3911 857 3983 hac
880 3911 1027 3984 formula
1042 3939 1050 3982 :
1065 3911 1207 4010 quando
1231 3913 1380 4012 liturgic

245 4025 506 4097 catholicarum
522 4024 750 4101 occasionum
767 4025 917 4123 alr'qtmd
933 4025 1060 4126 dogma
1082 4028 1329 4100 universaliter
1347 4045 1385 4100 et

246 4139 472 4212 concordior
489 4143 701 4237 ccprcmunt,
726 4139 853 4239 dogma
877 4141 968 4212 illud
979 4142 1124 4238 salsum
1146 4169 1224 4216 csse
1241 4147 1377 4242 nequit.

250 4256 438 4347 Quomodo
457 4272 568 4332 autem
588 4256 777 4352 intelligant
801 4259 1033 4334 misenatem
1054 4284 1124 4330 csse
1144 4260 1266 4332 debere
1284 4258 1382 4329 litur-

256 4373 363 4466 gicam
389 4372 557 4468 dogmatis
586 4370 914 4463 manifestationem,
939 4389 978 4444 ut
1000 4399 1041 4446 ex
1062 4372 1120 4446 itta
1141 4374 1292 4472 rigor-ose
1321 4374 1382 4444 de-
