2982 5072
511 391 558 436 DE
581 385 669 437 mlta
694 388 896 442 nannetem
1219 395 1266 474 79

139 514 334 604 confutare,
356 516 414 609 qui
432 529 641 611 assumptam
658 519 692 586 in
718 517 824 589 carne¹
839 524 1068 594 beatissimam
1087 526 1264 622 Virginem
1301 533 1305 540 '

140 629 325 723 negaverit.
361 711 362 714 Ἴ

187 748 238 813 Ex
259 745 299 812 iis
315 769 418 838 porro
445 770 519 839 quae
546 745 588 816 de
615 773 651 817 re
671 747 845 845 liturgica,
871 767 1039 846 quatenus
1066 755 1189 852 dogma
1210 783 1266 827 ex-

140 861 307 954 primente
323 874 357 928 et
374 857 541 953 probante
557 875 634 932 toto
656 862 721 934 boc
736 869 878 961 septimo
898 868 1008 964 capite
1028 869 1130 965 paulo
1157 870 1264 942 fusius

139 973 377 1062 disseruimus,
409 975 612 1047 concludere
631 978 711 1050 lieet
740 979 911 1076 liturgiam
931 1009 1011 1053 vere
1039 1011 1109 1054 esse
1127 986 1263 1080 dogma·

139 1087 380 1182 ticam,*idque
397 1103 565 1184 'tanquam
591 1093 810 1165 intrinsecam
837 1112 871 1165 et
888 1093 1092 1167 indivulsam
1109 1103 1265 1195 proprie·

139 1215 242 1273 tatem
267 1203 333 1297 ipsi
353 1205 535 1295 iulroerere3
553 1210 756 1278 contrariam
786 1211 931 1306 proinde
955 1211 1168 1306 opinionem,
1191 1213 1266 1308 quia

138 1321 263 1388 nostris
275 1321 487 1414 temporibus
502 1321 538 1390 in
558 1321 669 1393 Gallia
689 1325 834 1420 prodiit,
850 1351 913 1422 pro
927 1350 988 1396 sua
1000 1325 1143 1398 falsitate
1155 1343 1188 1400 et
1200 1353 1265 1399 no·

137 1433 244 1502 vitate
266 1455 406 1528 prorsus
425 1456 499 1506 esse
517 1435 750 1530 rejiciendam.

542 1725 870 1760 “OM—¹·-

407 2008 589 2111 PARS
632 2007 997 2112 SECUNDA.

139 2289 192 2342 DE
205 2285 337 2342 FONTE
348 2287 465 2342 JURIS
479 2287 708 2364 ulrunulcl,
726 2287 801 2342 SEU
816 2289 871 2342 ΑΙ)
894 2288 1010 2356 Quum
1025 2289 1266 2345 -nunuluunr

290 2393 406 2448 tulus
423 2393 477 2446 DE
492 2389 692 2449 LITURGH
706 2390 875 2449 mettum
892 2395 1114 2453 POTESTAS.

149 2647 153 2654 '
186 2631 347 2702 Diximus'
368 2631 403 2699 in
427 2630 537 2724 prima
554 2630 657 2726 hujus
670 2645 833 2701 tractatus
846 2647 943 2727 parte
959 2631 1104 2728 quidsit
1117 2631 1265 2727 liturgia.

140 2747 372 2841 Expendimus
392 2745 519 2815 scilicet
540 2746 644 2838 ipsius
667 2761 822 2815 naturam
839 2763 872 2816 et
894 2749 1082 2845 praecipuas
1101 2749 1266 2844 quasdam

141 2865 365 2958 proprietates
385 2861 600 2950 intrinsecas3
617 2862 714 2955 eique
739 2863 923 2956 praesertim
952 2865 1020 2931 vim
1034 2863 1266 2958 *dogmaticam

141 2979 398 3048 vindicavimus.
415 2977 576 3047 Occurrit
600 3001 691 3045 nunc
715 2979 913 3072 gravissima
936 2980 1113 3072 quaestion
1133 3006 1202 3078 quo
1220 2983 1267 3056 sr't

141 3091 302 3187 liturgia,
322 3093 355 3162 id
375 3107 445 3182 est,
465 3093 507 3161 ad
528 3117 629 3186 quem
649 3093 816 3186 pertineat
828 3119 985 3190 suprema
1004 3093 1150 3189 liturgia
1166 3121 1268 3192 regu·

142 3207 249 3278 landae
266 3224 299 3278 et
325 3207 579 3302 praescribendae
601 3221 761 3302 potestas.
788 3211 837 3277 Ea
860 3234 938 3277 vero
958 3208 1000 3278 de
1018 3235 1056 3280 re
1075 3235 1145 3278 non
1167 3212 1267 3306 pauci

141 3326 344 3420 prodierunt
357 3349 506 3412 errores,
524 3338 649 3420 tumex
662 3325 922 3418 protestantium
934 3325 1150 3394 heterodoxis
1169 3326 1267 3418 priu-

142 3441 254 3534 cipiis,
282 3453 352 3508 tum
381 3465 422 3508 ex
447 3437 536 3508 falsis
563 3438 765 3533 quibusdam
788 3437 862 3508 aliis
887 3438 1122 3532 systematibus
1139 3438 1266 3509 oborti.

143 3557 208 3624 Eos
225 3570 264 3624 ut
283 3554 514 3641 confutemus,
533 3569 566 3622 et
583 3552 683 3626 simul
699 3569 824 3624 rectam
847 3552 887 3622 de
900 3551 987 3648 juris
1005 3549 1156 3648 liturgici
1174 3551 1268 3622 fonte

143 3667 333 3739 doctrinam
347 3669 569 3759 stabiliamus,
584 3684 690 3740 totam
713 3671 888 3740 materiam
910 3669 1149 3740 distribuemus
1168 3669 1204 3738 in
1219 3694 1269 3739 se·

143 3786 291 3853 ctionem
311 3782 480 3880 duplicem
505 3812 513 3855 :
534 3785 570 3854 in
601 3787 707 3882 priori
735 3811 856 3883 nempe
887 3800 1100 3882 exponentur
1127 3809 1268 3856 erronea

143 3914 348 3993 systemata:
369 3903 404 3969 in
423 3901 603 3996 posteriori
623 3900 905 3969 determinabitur
920 3901 963 3969 ad
986 3926 1086 3996 quern
1102 3901 1269 3996 pertineat
1285 3985 1288 3992 Ι

142 4037 301 4110 suprema
313 4016 397 4110 juris
415 4016 456 4087 de
478 4015 618 4112 liturgia
638 4015 777 4119 dicundi
801 4030 961 4110 potestas.
