3018 5070
494 377 542 422 nr
566 373 651 452 sorr
676 375 881 426 mrnncrco.
1205 353 1267 453 73'

175 499 215 566 ln
235 492 363 564 missali
384 493 533 588 gothico,
550 494 673 589 pagina
694 493 765 566 338
784 522 793 565 t
814 499 1010 567 Precnrnur
1025 512 1140 568 menta
1158 495 1256 567 devo·

125 627 166 681 ta
182 627 226 696 te,
242 609 414 707 majestas
431 607 575 698 salerna,
595 625 634 680 ut
644 627 811 706 operante
830 613 964 683 vr'rtute
980 637 1114 708 ponem
1134 627 1253 682 muto-

123 727 263 796 tamin
294 729 457 829 carrum,
482 724 652 820 poculum
678 747 824 796 versum
847 728 885 796 in
911 726 1254 825 sanguinem,1'llum

122 865 310 911 sumamus
332 843 370 910 in
388 841 508 926 colice,
523 843 587 937 qni
610 838 654 910 de
676 856 711 910 te
723 842 836 929 fluxit
851 843 889 912 in
910 867 1013 913 cruce
1029 867 1076 914 ea:
1091 843 1252 913 latore...

127 961 260 1052 Corpus
275 971 375 1027 tuum
385 959 458 1052 pro
481 954 582 1026 nobis
600 957 808 1050 eruedinum
826 956 973 1046 edamus,
995 961 1254 1056 etsonguinem

122 1089 288 1142 sunctum
305 1088 402 1143 tuum
410 1097 480 1169 pro
495 1070 600 1142 nobis
615 1066 949 1166 effusumbibimus.
965 1077 1006 1142 Et
1019 1076 1143 1168 pagina
1156 1069 1227 1143 335
1244 1100 1253 1144 z

124 1191 290 1256 Formam
322 1188 495 1280 sacrificii
516 1189 685 1282 perennis
714 1189 904 1258 instituens
927 1187 1043 1283 (Jesus
1063 1186 1255 1280 Christus),

123 1299 278 1371 bostiam
294 1327 334 1372 se
350 1300 417 1372 tibi
425 1305 584 1398 primum
601 1300 740 1391 obtulit,
763 1317 797 1373 et
810 1304 956 1398 prtinus
977 1301 1094 1372 docuit
1113 1300 1253 1396 offerri.

123 1417 167 1484 Et
184 1417 311 1512 pagina
332 1413 397 1487 abr
417 1441 426 1486 ε
446 1421 492 1486 Ut
509 1418 574 1514 qui
587 1433 668 1488 mne
683 1413 800 1514 oquos
816 1419 854 1488 in
876 1420 966 1488 vinu
985 1423 1142 1500 mutavit,
1162 1439 1256 1486 nunc

123 1530 161 1599 in
170 1533 385 1629 sanguinem
398 1530 502 1602 suum
515 1531 732 1605 oblationum
742 1550 946 1607 nostrorum
956 1537 1048 1604 vino
1062 1549 1253 1604 convertat.

123 1648 166 1714 Et
185 1647 311 1743 pagina
332 1644 404 1718 256
425 1673 433 1716 τ
453 1651 499 1717 Ut
517 1647 694 1720 trnnsloto
716 1648 822 1746 fruge
844 1651 881 1720 in
913 1673 1064 1745 corpore,
1084 1647 1196 1718 colice
1217 1650 1255 1717 in

124 1784 258 1846 cruore,
277 1764 447 1857 proficiat
468 1766 613 1836 meritis.

170 1881 214 1946 In
233 1875 496 1948 sacramentoria
512 1879 736 1973 Gregoriano,
754 1879 797 1949 ad
816 1879 942 1949 calcem
961 1878 1080 1975 (editio
1099 1881 1255 1947 Murato·

125 1991 178 2075 rii,
193 1989 354 2061 columna
373 1989 472 2089 a98),
489 1989 638 2063 collectae
657 1995 874 2088 reperiuntur
892 1992 1013 2087 aliquae
1030 1991 1182 2062 formulae
1196 2017 1255 2062 seu

124 2107 355 2198 precationes,
386 2130 460 2200 quae
486 2122 602 2176 sancto
633 2109 801 2200 Gregorio
826 2133 950 2200 magno
977 2107 1185 2197 antiquiores
1212 2107 1254 2174 ab

126 2220 266 2289 eruditis
283 2221 461 2292 habentur.
486 2225 581 2291 Inter
611 2245 665 2290 eas
695 2245 775 2288 vero
801 2221 849 2288 sic
872 2219 996 2314 legitur
1018 2218 1182 2315 :Singuli
1198 2241 1257 2286 oo

125 2336 260 2430 cipiunt
305 2335 482 2406 Christum
507 2337 713 2423 Dominum,
748 2349 784 2406 et
805 2339 843 2406 in
865 2334 1014 2432 singulis
1033 2331 1256 2430 portionibus

125 2463 217 2518 totus
252 2465 316 2534 est,
353 2475 418 2520 neo
434 2475 505 2546 per
537 2450 696 2549 singulos
714 2451 896 2541 minuitur,
925 2448 992 2520 sed
1019 2451 1191 2548 integrum
1217 2472 1255 2518 sc

117 2562 253 2656 praebet
287 2566 325 2633 in
357 2564 517 2663 singulis.
549 2567 660 2654 Quem
682 2581 810 2636 textum
832 2567 902 2660 jam
931 2566 1109 2635 undecimo
1133 2563 1255 2635 saeculo

125 2694 243 2748 contra
272 2680 470 2776 Berengarii
500 2705 649 2749 errorem
681 2682 829 2776 urgebat!
861 2679 1093 2751 Guitmundus
1123 2680 1158 2747 in
1179 2695 1257 2748 ¹suo

125 2792 212 2863 libro
227 2800 285 2863 De
307 2819 452 2890 corpore
470 2811 505 2865 ct
524 2798 696 2893 songzn'ne
717 2799 883 2878 J)omini;
904 2810 1005 2889 atque
1022 2793 1138 2864 'eadem
1153 2793 1256 2862 verbo

125 2909 275 2980 citantur
293 2910 338 2978 ab
358 2909 508 3006 Algerio‚
533 2913 592 3004 qui
617 2935 732 2982 versus
754 2910 903 2982 mediam
930 2908 1121 2978 duodecimi
1135 2905 1257 2976 'saeculi

124 3041 254 3118 partem
274 3026 451 3096 scribebat.

171 3153 213 3218 ln
234 3147 359 3218 missali
377 3153 596 3237 Francorum,
616 3149 741 3244 pagina
759 3146 845 3237 365,
865 3150 913 3218 sic
929 3147 1078 3244 legitur:
1099 3147 1255 3216 Remotis

125 3261 449 3335 obumbrationibus
471 3262 676 3334 carnalibus
693 3265 939 3351 victimarum,
961 3262 1160 3359 spiritalem
1179 3259 1253 3346 tibi,

126 3403 262 3448 summe
279 3384 402 3464 Pater,
423 3378 578 3449 bostiam
590 3378 744 3476 supplici
761 3381 925 3450 seruitute
944 3377 1157 3470 dmi-naun
1175 3398 1255 3470 quaa

126 3495 213 3564 mdo
225 3492 475 3591 ineffabilique
486 3483 655 3589 mysterr'o
669 3509 705 3562 et
716 3492 923 3561 immolatur
933 3513 1074 3586 semper
1083 3505 1117 3559 et
1131 3487 1256 3557 eudem

126 3633 267 3705 semper
287 3607 455 3703 'ffferttm
484 3613 526 3680 Et
550 3610 672 3704 pagina
698 3606 768 3703 347
790 3632 798 3676 ε
818 3612 890 3678 Per
911 3604 1118 3702 obsequium
1136 3601 1256 3700 plebis

127 3739 193 3794 tum
203 3748 332 3820 corpus
344 3740 377 3794 et
389 3725 597 3823 sanguinem
613 3722 697 3793 Filii
709 3725 763 3792 tui
770 3721 1003 3793 immaculato
1017 3718 1256 3790 benedictione

128 3831 365 3934 transformet.

173 3953 297 4024 lisdem
319 3953 471 4023 terminis
486 3953 521 4022 in
540 3942 803 4022 sacrairnentario
824 3949 1006 4022 Gelasiano
1020 3949 1142 4043 dogma
1158 3962 1252 4016 tran-

127 4067 418 4138 substantiationis
436 4068 649 4163 exprimitur.
675 4070 714 4135 ln
734 4067 837 4134 veteri
863 4079 976 4135 autem
995 4063 1119 4132 missali
1147 4060 1255 4132 Galli·

127 4205 211 4251 cano
235 4184 284 4252 sic
315 4181 471 4269 habetur,
490 4184 613 4279 pagina
640 4180 741 4253 388:
769 4185 873 4250 Hanc
904 4181 1011 4277 igitur
1039 4176 1255 4248 oblationem

126 4319 234 4391 quom
259 4295 324 4366 tibi
337 4296 525 4392 asserimus
543 4297 586 4367 ob
604 4295 698 4366 diem
709 4293 842 4393 jejurn'i
862 4319 967 4364 ooenoe
986 4289 1195 4375 Uominirae,
1217 4290 1255 4356 in

125 4436 197 4508 qua
221 4414 399 4484 Dominus
416 4429 538 4484 noster
552 4418 659 4484 lesus
683 4411 844 4484 Cbn'stus
873 4410 987 4482 Filius
1005 4422 1084 4478 tuus
1106 4407 1145 4474 in
1163 4425 1251 4473 novo
