2982 5072
250 345 315 418 138
704 367 912 414 catenarus
995 401 999 410 .

244 501 398 567 insanam
416 493 680 579 conclusionem,
701 493 744 564 de
757 519 826 588 qua
839 495 904 590 ipsi
921 494 1091 564 erubuere
1107 497 1370 588 protoetantinm

246 611 362 698 multi,
382 625 551 706 coguntur
570 606 742 704 regalistae,
759 635 830 679 non
845 624 986 680 tantum
999 609 1162 698 theorice,
1182 610 1241 680 aad
1265 615 1370 681 etiarn

247 728 281 795 in
294 728 401 822 praxi,
423 725 570 822 prolabi,
596 725 658 794 nisi
682 727 884 820 principium
903 752 921 795 a
942 751 1011 819 quo
1035 726 1261 796 exordiantur
1275 727 1371 798 dese-0

247 857 335 926 rant,
353 858 385 912 et
410 842 565 935 sibiipsis
576 855 692 936 aperte
707 841 953 911 contradicam.
973 843 1127 932 Etcum,
1144 842 1241 934 juata
1263 844 1365 935 ipsos,

245 958 281 1027 id
303 958 450 1054 principi
468 973 640 1052 competat
652 958 729 1052 jure
746 955 966 1050 majestatum,
989 981 1058 1026 non
1074 971 1186 1026 autem
1201 981 1242 1026 ex
1257 954 1370 1027 lauri«

247 1087 317 1142 tate
334 1073 396 1166 ipsi
417 1072 460 1140 ab
472 1070 618 1142 Ecclesia
631 1097 799 1159 concessa,
810 1072 962 1165 scqmtur
978 1070 1210 1166 regalistarum
1230 1072 1372 1166 opinio·

247 1212 345 1275 uem,
365 1185 477 1279 quoad
500 1209 570 1254 rem
594 1186 746 1256 recidere
763 1189 799 1256 in
814 1185 1019 1257 territorialc
1035 1187 1206 1258 Boehnteri
1223 1201 1367 1281 matema

243 1329 263 1372 a
282 1303 484 1372 Moslrcimio
498 1319 534 1371 et
545 1301 666 1372 Pfaffio
683 1301 870 1395 explosum.

294 1417 397 1506 Quod
416 1431 534 1486 autern
559 1431 705 1510 systema
725 1415 817 1485 illud·
834 1431 951 1511 aperte
980 1439 1167 1488 amaneum
1182 1419 1246 1507 sit,
1276 1418 1370 1512 apud

244 1531 430 1601 catholicos
465 1531 607 1601 dubium
636 1559 706 1602 esse
731 1533 864 1627 nequit.
884 1535 977 1604 ,liam
1012 1531 1054 1601 de
1086 1531 1151 1600 fide
1179 1549 1231 1602 cst
1255 1547 1289 1600 et
1323 1531 1367 1601 ab

243 1649 453 1716 oeeutrtcnico
466 1645 612 1716 concilio
626 1647 822 1716 Florentino
837 1647 1014 1716 definitum
1032 1649 1190 1716 Romano
1209 1646 1367 1717 Pontifici

244 1787 264 1829 a
293 1761 429 1830 Christo
458 1761 571 1832 ἀπείη
604 1762 707 1832 titisse
731 1763 880 1858 plenam
900 1777 1112 1858 potestatem
1140 1761 1289 1856 negandi,
1312 1785 1371 1856 pa·

243 1869 366 1946 scendi
378 1893 413 1945 et
426 1877 636 1972 gubernandi
656 1879 886 1949 universalem
904 1878 1101 1948 Ecclcatiam
1111 1907 1124 1964 ,·
1142 1877 1370 1972 quodfalsum

245 1989 397 2083 prolecto
427 2007 535 2081 esset,
559 1994 586 2060 si
617 1993 782 2088 dogmatis
808 2007 843 2061 et
874 1992 1056 2087 disciplinae
1087 1993 1322 2062 determinatio
1350 2017 1370 2062 a

245 2103 389 2199 singulis
403 2108 613 2202 principibus
633 2108 803 2202 penderet.
823 2113 1102 2202 lato·sequeretur
1117 2126 1269 2201 peccasse
1286 2131 1372 2204 apat·

244 2219 349 2289 stolos
367 2221 448 2290 (lum
469 2222 663 2318 religionem
690 2225 906 2294 christianam
928 2225 1054 2317 ubique
1087 2223 1316 2316 praedicarunt
1337 2239 1373 2294 et

246 2335 518 2407 introducerunt.
534 2337 575 2406 Id
596 2340 686 2407 enim
703 2340 856 2408 fecartmt
878 2339 991 2408 invitis
1009 2339 1221 2434 principibus
1238 2353 1370 2433 tempo·

247 2448 391 2535 talibus,
411 2466 445 2519 et
477 2452 684 2521 introductio
718 2453 912 2546 hujusmodi
946 2468 1073 2522 statum
1107 2453 1240 2522 civitem
1269 2453 1372 2547 bajus

246 2567 406 2659 temporis
431 2566 647 2635 uehementer
680 2570 869 2663 attingebat
895 2585 930 2638 et
957 2571 991 2637 in
1023 2568 1139 2638 multis
1159 2570 1370 2642 immutabat.

247 2683 338 2773 Ergo
356 2703 395 2747 ex
409 2682 540 2750 ratione
553 2683 820 2778 independentiae
838 2683 1011 2778 potestatis
1029 2682 1148 2771 civilis,
1168 2685 1231 2777 ipsi
1253 2707 1371 2780 perpe·

247 2815 318 2862 ram
337 2797 536 2864 attribuitur
551 2813 698 2892 potestas
715 2798 898 2893 legislativa
916 2800 1004 2868 circa
1021 2797 1205 2893 liturgiam.

295 2913 484 3006 Propositio
499 2917 547 2998 [β.
568 2919 731 2984 Potestas
761 2914 958 3012 legislativa
982 2917 1079 2984 circu
1104 2913 1280 3012 liturgiam
1302 2937 1372 2986 non

245 3029 412 3121 competit
420 3030 582 3125 principi
587 3029 775 3126 tcmsmrolt’
781 3055 827 3101 aa
839 3055 880 3099 co
890 3029 991 3126 quod
999 3028 1132 3100 lrabeat
1131 3029 1197 3125 jus
1210 3029 1368 3123 cauendi,

246 3165 360 3237 neque
390 3169 436 3212 en
458 3169 499 3214 eo
531 3143 626 3240 quod
647 3148 697 3214 sit
712 3161 894 3241 protector
913 3169 1108 3235 cmzormm,
1132 3169 1244 3243 neque
1266 3170 1314 3216 esc
1332 3171 1372 3218 eo

246 3255 344 3354 qtmd
358 3257 521 3328 Ecclesia
537 3262 584 3330 sit
600 3263 636 3328 in
648 3275 758 3344 stato,
769 3283 882 3356 neque
900 3285 947 3329 ea
965 3283 1005 3329 ao
1020 3258 1118 3357 quod
1128 3261 1369 3357 maltipreicci·

239 3397 308 3467 pres
325 3399 365 3443 eo
375 3373 461 3469 jure
478 3377 536 3444 usi
551 3377 753 3446 sint-Has
767 3379 869 3446 ctiam
881 3375 1089 3446 ratiunculas
1110 3400 1244 3444 movere
1264 3376 1373 3447 solent

248 3488 412 3584 regalistae
429 3507 466 3560 ut
480 3491 623 3588 principi
643 3491 818 3587 temporali
843 3494 1027 3588 generatim
1053 3491 1224 3560 vindicent
1248 3515 1369 3586 strprc-

249 3627 342 3671 mum
375 3606 432 3696 jus
460 3609 494 3675 in
524 3631 578 3676 ras
602 3607 850 3676 ecclesiasticas.
887 3605 1372 3701 1⁰Gontendt1nt'l'apamet

248 3721 431 3816 Episcopus
449 3719 542 3788 abuti
561 3745 657 3813 posse
671 3723 871 3792 auctmitate
882 3745 941 3791 sua
955 3723 996 3790 in·
1010 3722 1250 3790 detrimentum
1264 3721 1373 3790 socia·

249 3839 326 3907 tatis
347 3833 465 3904 civilis.
486 3835 632 3928 Principi
651 3859 755 3929 porro
778 3853 969 3931 competere
978 3835 1039 3932 jus
1059 3836 1230 3922 curandi,
1251 3839 1370 3926 idest,

248 3977 320 4021 sese
340 3949 541 4020 defendendi
570 3975 590 4019 a
621 3950 745 4020 talibus
770 3953 1045 4047 usurpationibus
1076 3967 1109 4021 et
1138 3954 1310 4022 abusibus.
1327 3952 1367 4023 ld

247 4083 361 4138 autem
381 4091 400 4134 a
420 4065 572 4160 principe
603 4085 693 4136 recte
721 4093 789 4138 trau
821 4091 919 4164 posse
941 4069 1065 4163 peragi,
1092 4069 1155 4136 nisi
1184 4068 1217 4136 ci
1239 4067 1302 4137 'las
1331 4069 1376 4137 sit.

247 4191 450 4277 cognoscere
467 4181 507 4250 de
525 4181 666 4252 decretis
680 4199 714 4252 et
737 4185 871 4252 statutis
897 4184 1056 4254 nautibus
1082 4182 1279 4278 religionem
1302 4207 1374 4280 spe·

249 4297 429 4384 mantibus,
444 4311 477 4365 et
491 4322 529 4364 ea
546 4299 708 4392 impedire
724 4311 761 4366 et
778 4295 1045 4392 annulluroquae
1060 4299 1179 4368 nociva
1189 4301 1368 4368 existimet.
1476 4368 1477 4384 ¹

249 4413 337 4481 Hinc
358 4410 544 4505 quamlibet
573 4427 776 4509 potestatem
801 4412 1059 4484 ecclesiasticam
1092 4430 1162 4483 turn
1181 4415 1274 4484 circa
1290 4414 1371 4486 dett·
