3004 5070
463 389 509 436 na
533 387 620 436 anae
645 389 849 438 nanneten.
1148 365 1218 464 269

92 530 173 610 gent
184 509 505 609 praedictaeliturgiae
523 507 696 604 illegitime
712 509 924 596 introductae,
941 506 1082 578 liberum
1101 508 1220 579 sitale-

91 629 171 698 ricis
198 627 353 721 privatim
378 623 597 694 recitantibus
627 625 783 692 Romano
803 622 969 692 breviario
991 625 1053 694 uti.
1084 627 1124 692 In
1152 649 1223 725 quo

91 745 237 813 lectores
263 765 341 810 suos
369 740 556 809 enormiter
580 737 757 833 decipiunt
788 738 977 808 :doctores
1010 740 1101 808 enim
1131 763 1222 834 quae·

90 862 238 930 stionem
249 856 341 926 illam
349 869 480 925 tantum
492 867 628 923 movent
640 854 681 923 dc
692 853 836 948 liturgiis
848 854 1005 948 propriis,
1019 881 1092 949 quae
1103 857 1147 923 ob
1158 856 1223 925 dtr·

91 989 269 1044 centorum
297 993 464 1040 annorum
498 959 744 1062 antiquitatem
768 967 916 1062 legitime
942 971 1080 1039 retineri
1103 985 1222 1063 potue·

92 1104 188 1178 runt,
206 1087 247 1157 ad
267 1088 430 1157 terminos
456 1086 550 1156 Plani
574 1075 719 1154 'tlecreti
745 1089 798 1154 De
826 1086 953 1154 caeteris
978 1109 1058 1154 vero
1077 1083 1223 1181 liturgiis

92 1222 211 1276 contra
227 1206 293 1274 ltoc
309 1202 481 1272 decretum
502 1202 641 1270 retentis
662 1215 720 1270 ant
744 1200 902 1286 inductis,
919 1224 987 1270 riou
1007 1211 1139 1269 tautam
1154 1225 1221 1269 non

91 1322 260 1391 sustinent
284 1317 423 1389 clericos
448 1315 670 1410 probabiliter
691 1318 726 1384 in
745 1317 942 1385 recitatione
966 1316 1095 1411 privata
1115 1318 1222 1386 teneri

93 1438 133 1506 ad
152 1459 210 1506 eas
232 1434 450 1518 adhibendas,
467 1433 587 1500 omissa
604 1438 773 1521 Romaua3
788 1430 850 1500 'sed
876 1446 1005 1525 aperte,
1029 1447 1063 1500 et
1080 1457 1120 1500 ex
1140 1455 1223 1526 pro·

93 1551 194 1636 lesco,
208 1545 244 1618 et'
261 1564 421 1642 tanquam
444 1547 668 1616 certissimum
688 1547 823 1631 (locent,
849 1540 1002 1614 illicitum
1018 1570 1090 1615 esso
1107 1571 1223 1616 earnm

95 1665 211 1752 nsum,
227 1680 261 1733 et
278 1664 435 1759 privatim
451 1678 484 1731 ct
505 1663 538 1732 iu
562 1664 686 1749 ehor03
712 1675 746 1730 et
765 1659 838 1730 illas
860 1661 1013 1755 liturgias
1032 1660 1124 1731 nulla
1141 1687 1223 1731 cou-

95 1779 274 1850 suetudine
290 1779 438 1873 potuiss'e
456 1775 622 1872 legitimas
636 1777 797 1863 eradere3
817 1789 850 1845 et
868 1801 930 1870 per
947 1775 1021 1846 illas
1040 1802 1107 1846 uon
1128 1801 1226 1872 posse

96 1896 214 1964 debito
241 1895 402 1964 horarum
428 1893 669 1961 canonicarum
699 1891 873 1975 satisfieri3
902 1906 935 1959 et
963 1893 997 1960 iu
1024 1892 1224 1976 dioecesibus

96 2011 157 2080 ubi
179 2008 261 2080 tales
280 2008 485 2078 introductae
505 2022 585 2078 sunt
605 2007 762 2102 liturgiae,
785 2008 890 2076 teneri
915 2031 1032 2076 omnes
1054 2023 1088 2076 et
1105 2010 1223 2101 singu-

98 2125 148 2195 los
166 2128 320 2195 Romana
338 2121 485 2192 formula
503 2123 572 2209 uti;
585 2122 678 2215 quod
694 2135 786 2216 patet
806 2120 1005 2189 extantibus
1020 2124 1168 2191 Sttarezii
1191 2137 1223 2191 et

97 2241 242 2312 aliorum
259 2239 322 2309 sub
344 2239 458 2336 primu
477 2239 648 2333 praesentis
675 2237 795 2330 capitis
818 2237 1034 2334 paragrapho
1062 2236 1222 2310 collectis.

146 2355 339 2451 Propositio
357 2354 405 2424 δ’.
425 2359 470 2424 ln
479 2351 666 2450 praedictis
682 2352 840 2424 ecclesiis
859 2355 1029 2423 remansit
1045 2353 1225 2449 facultas,

85 2472 222 2569 aliqua
238 2468 578 2542 aon-substantialia
590 2467 807 2538 inbreviatio
823 2483 859 2538 et
878 2467 1019 2538 missali
1030 2469 1231 2567 corrigendi
1320 2539 1322 2546 ,

99 2603 133 2657 at
145 2584 363 2656 immutandi
377 2583 512 2682 abrqtte
524 2582 619 2653 sellis
630 2583 846 2680 Apostulr'coe
853 2582 1030 2677 sandrato
1038 2612 1051 2667 ,·
1064 2587 1164 2656 salva
1175 2601 1227 2656 tct-

98 2727 181 2772 meu
193 2699 433 2797 prohibitione
444 2698 662 2770 calendariis
676 2723 764 2769 nava
778 2698 899 2795 officia
913 2698 1079 2788 addendi,
1097 2718 1132 2772 et
1143 2701 1230 2773 abli-

95 2818 244 2917 gatioue
257 2813 458 2886 celebrandi
468 2812 590 2916 officia
604 2805 849 2886 unt'rers'uliter
861 2830 898 2885 et
907 2816 972 2885 sab
988 2834 1164 2914 praerepto
1181 2819 1228 2889 ab

91 2930 300 3029 Apostolica
320 2929 405 3001 sede
425 2953 610 3001 concessa.
643 2971 694 2984 --
711 2935 789 3002 Non
811 2932 1010 3000 remansisse
1032 2933 1225 3003 facultatem

90 3048 283 3142 corrigendi
313 3061 349 3116 et
369 3047 574 3116 immutandi
597 3044 854 3116 substantialia
874 3049 1029 3140 sequitur
1054 3073 1095 3118 ex
1126 3075 1226 3147 supe·

92 3166 161 3234 rius
197 3163 345 3233 stabilita
365 3165 476 3258 prima
498 3163 746 3257 propositione,
767 3163 825 3230 ubi
841 3163 1022 3257 probatum
1045 3179 1093 3232 est
1112 3167 1145 3233 iu
1162 3166 1224 3236 ltu·

88 3279 236 3372 jusmodi
260 3278 407 3349 aeclesiis
425 3279 569 3349 liberum
586 3257 768 3347 ordinariis
790 3303 857 3347 nou
878 3303 949 3348 esse
969 3261 1225 3351 breviariumet

92 3393 225 3464 missale
242 3395 276 3462 in
294 3392 388 3462 aliud
402 3391 671 3464 substantialiter
688 3391 859 3460 diversunt
877 3407 1097 3464 commutare.
1120 3395 1226 3484 Quod

92 3524 207 3578 autem
222 3512 423 3579 remanserit
439 3525 584 3606 potestas
601 3508 715 3604 quoad
729 3509 958 3578 correctiones
972 3523 1007 3578 et
1024 3511 1228 3582 mutationes

92 3623 446 3710 nnn-substantiales,
472 3626 625 3720 sequitur
643 3649 683 3694 ex
698 3649 738 3694 eo
760 3625 853 3719 quod
875 3649 949 3696 eam
973 3624 1015 3692 de
1038 3624 1116 3717 jure
1138 3651 1228 3695 com·

95 3741 192 3810 muni
209 3741 392 3836 habuerint
410 3741 584 3810 Orrlinarii
606 3755 684 3816 aute
698 3741 795 3812 Pium
811 3744 853 3828 V,
870 3757 905 3811 et
914 3741 970 3834 jus
982 3739 1066 3809 illud
1086 3767 1105 3810 a
1120 3744 1183 3812 Pio
1199 3743 1229 3813 V

95 3853 266 3924 sublatum
295 3880 366 3926 uon
387 3854 502 3924 fuerit.
522 3857 603 3924 Eam
632 3868 833 3947 potestatem
855 3854 958 3924 suisse
980 3854 1022 3924 de
1041 3857 1120 3950 jure
1134 3880 1228 3926 cotn-

96 3971 192 4040 muni
217 3985 295 4039 ante
308 3975 345 4040 S.
366 3972 463 4042 Pium
484 3974 524 4056 ll,
539 3971 674 4066 probat,
693 3984 766 4042 tum
784 3986 947 4066 perpetua
974 3971 1087 4066 praxis
1114 3973 1230 4068 lnrjus·

98 4085 191 4154 modi
209 4086 484 4157 immutationum
504 4084 857 4158 uon-substantialium
877 4087 1003 4182 absque
1023 4087 1092 4157 ullo
1115 4089 1156 4158 ad
1176 4115 1227 4159 se·

98 4201 174 4269 ‹lem
199 4200 428 4296 Apostolicam
456 4226 612 4292 recursu,
632 4216 703 4271 tum
734 4203 923 4272 communis
951 4202 1129 4274 doctorum
1153 4231 1229 4276 sen·

100 4319 208 4387 tentia
222 4319 285 4413 qni
299 4343 370 4388 eam
386 4319 515 4414 praxim
532 4320 601 4414 juri
615 4318 787 4388 communi
801 4333 1060 4390 consentaneam
1073 4319 1227 4409 tradunt,

102 4447 174 4502 tum
194 4435 276 4502 varii
295 4434 383 4527 juris
402 4435 556 4505 canonici
574 4447 686 4506 textus
704 4459 723 4504 a
743 4433 912 4531 praedictis
932 4435 1128 4505 doctoribus
1150 4433 1230 4505 alle·
