2940 5072
235 373 307 422 aao
694 376 901 440 rasoria-os
991 401 995 412 ,

235 531 253 565 a
271 501 370 572 annis
390 517 468 572 ante
494 504 544 574 Pii
562 507 594 574 V
617 505 892 578 constitutionem
913 506 1087 601 pmpton
1112 507 1215 580 ritutn
1239 509 1367 580 orandi

236 643 254 680 a
275 631 469 708 tenuerunt,
487 634 526 690 ut
542 620 640 690 etiarn
654 620 811 718 deinceps
826 621 1026 695 retinerceis
1044 619 1155 710 liceat,
1170 624 1233 694 nisi
1243 623 1369 694 malint

239 758 256 794 α
276 756 353 802 cum
367 734 525 829 Episcopi
548 737 600 806 sui
620 750 653 806 et
676 735 816 832 capituli
831 760 999 820 consensu
1020 739 1212 816 Romanum
1229 737 1370 808 brevia·

240 876 256 928 a
276 847 365 918 rium
375 865 559 944 acceptare.
571 851 818 925 ltalrabeturin
827 850 920 934 bulla
933 851 983 924 Pii
994 852 1209 923 Vbrcviariis
1217 853 1369 946 praelixa.

239 991 256 1044 ις
273 962 519 1056 AdditSuarez,
529 966 1371 1062 postquamdictaeeeclesiaebreviariumsuurncum

239 1107 257 1142 a
274 1081 430 1149 Romano
442 1079 542 1150 semel
558 1096 822 1171 commutarunt,
837 1107 914 1152 non
920 1105 1017 1177 posse
1029 1081 1152 1154 deiude
1170 1082 1235 1152 boc
1249 1082 1372 1152 relicto

240 1223 257 1258 a
276 1219 375 1266 suum
388 1197 566 1290 antiquum
582 1199 785 1293 reaccipere,
800 1225 840 1268 eo
855 1198 947 1292 quod
962 1197 1141 1293 pontiliciae
1159 1200 1371 1270 concessioni

204 1384 207 1388 ¹
241 1338 257 1374 a
275 1311 454 1405 antiquum
469 1312 572 1382 ritum
592 1313 759 1384 retinendi
776 1312 986 1384 renuntiasse
1000 1328 1256 1384 censeantur...
1277 1313 1373 1384 Offi-

241 1427 367 1496 ocium
386 1428 566 1524 proprium
584 1428 627 1498 de
650 1443 767 1498 sancto
792 1427 937 1500 ecclesie
966 1427 1033 1498 dici
1060 1427 1159 1498 debet
1181 1429 1373 1498 secundum

243 1571 260 1604 a
279 1541 382 1610 ritum
402 1541 561 1612 breviarii
581 1543 744 1612 Romani:
760 1541 925 1637 nisiquod
935 1540 1095 1612 lectiones
1106 1542 1372 1614 accommodatae

242 1684 259 1722 a
276 1654 378 1750 deligi
387 1672 528 1751 possunt
541 1681 618 1751 quaa
634 1643 666 1727 in
680 1657 855 1728 communi
867 1657 1035 1728 breviario
1045 1683 1116 1728 non
1129 1657 1372 1728 continentur:

243 1764 264 1836 'a
283 1771 339 1840 sed
358 1787 472 1842 utrum
491 1772 658 1866 ejusmodi
678 1773 840 1845 lectiones
855 1798 876 1844 a
893 1773 970 1843 sede
986 1772 1178 1867 Apostolica
1188 1773 1374 1869 approbari

244 1915 261 1950 a
280 1886 425 1956 debcant
443 1903 546 1984 negat
560 1887 756 1982 Rodriquus
776 1889 816 1984 (t.
830 1893 847 1960 I
862 1914 932 1983 reg.
952 1914 988 1983 q.
1008 1914 1043 1983 q.
1061 1929 1111 1944 --
1128 1914 1162 1982 q.
1182 1892 1243 1977 da,
1260 1914 1291 1960 a.
1308 1887 1375 1981 αι)

244 2028 263 2065 a
281 2001 340 2071 ubi
357 2002 405 2072 ait
420 2027 428 2070 ε
436 2026 543 2098 posse
556 2004 702 2074 recitari
716 2001 990 2098 officiaptopria
1003 2001 1048 2074 cla
1061 2005 1208 2090 sanctis,
1233 2006 1379 2074 eu'amst

246 2145 263 2184 α
280 2141 305 2186 α
314 2115 400 2190 sede
417 2119 625 2216 Apostolico
637 2117 1376 2217 approbaranonsent,n10d0dtgnas1'ntnt

246 2262 265 2302 u
282 2233 545 2332 opprobriorum
557 2237 638 2330 quia
658 2261 728 2306 non
754 2235 889 2306 videtur
905 2233 1066 2304 excedere
1082 2249 1283 2328 potestatem
1295 2235 1377 2329 Epi·

245 2379 261 2414 «
280 2351 385 2445 scopi,
399 2353 594 2446 quominus
608 2367 724 2422 sattcto
745 2377 809 2448 pro
820 2376 882 2421 sua
894 2350 1034 2422 ecclesia
1053 2350 1196 2422 colendo
1213 2351 1377 2422 lectiones

246 2465 459 2562 «designare
479 2482 514 2538 et
533 2468 722 2564 approbare
744 2467 869 2562 possit3
893 2491 970 2536 cunt
994 2465 1070 2538 talis
1086 2467 1287 2561 approbatio
1305 2493 1377 2538 non

246 2582 436 2654 «videatur
460 2609 500 2654 ex
518 2585 625 2658 causis
646 2583 868 2679 gravioribus,
887 2608 971 2678 quas
982 2583 1077 2654 sedes
1096 2581 1292 2678 Apostolica
1312 2584 1378 2652 sibi

249 2727 266 2766 u
286 2722 456 2768 reservare
476 2697 575 2768 solet.
600 2701 644 2768 Et
662 2697 771 2793 placet
786 2698 869 2768 milri
890 2699 960 2768 lraec
983 2698 1149 2784 doctrina,
1171 2697 1379 2768 sitectiones

249 2841 267 2878 α
286 2812 327 2886 de
345 2814 467 2884 sanctis
479 2813 627 2908 propriis
646 2815 740 2883 omni
753 2813 941 2908 suspicione
965 2812 1039 2884 falsi
1052 2827 1215 2900 carentes,
1233 2813 1378 2883 antchac

249 2927 320 2998 «in
349 2927 488 2998 ecclesia
515 2928 651 3000 recitari
674 2943 841 2998 consuetae
859 2928 1003 3002 fuerant.
1028 2928 1088 3000 Sin
1111 2953 1194 3000 vero
1219 2927 1379 2998 lectiones

250 3073 268 3110 u
285 3044 329 3127 de
342 3059 460 3114 sancto
484 3045 617 3114 noviter
635 3044 910 3130 introducantur,
930 3045 1010 3114 satis
1030 3035 1147 3138 aperte
1168 3043 1378 3139 significatur

253 3159 324 3228 nin
349 3158 451 3228 citata
476 3159 611 3230 rubrica
627 3163 657 3248 Ι,
674 3183 759 3255 opus
768 3183 838 3228 esse
855 3158 1104 3254 approbatione
1128 3157 1217 3227 sedis
1241 3161 1378 3253 Aposto-

253 3301 270 3338 α
291 3272 408 3344 licaeo
431 3274 609 3369 (Layman,
629 3273 687 3345 lib.
708 3289 870 3364 1v,trnct.
890 3298 903 3345 1
926 3274 968 3346 de
985 3275 1139 3346 oratioue
1160 3290 1196 3344 et
1218 3275 1312 3344 horis
1329 3299 1379 3344 ca·

254 3411 351 3476 non,
367 3413 440 3483 cap.
459 3387 508 3487 5.)

302 3506 399 3573 VIII.
427 3507 601 3576 Doctrina
625 3506 787 3576 Dianoe:

306 3643 324 3686 u
338 3621 569 3692 Asserendutn
579 3636 705 3694 estnon
719 3647 815 3716 posse
825 3622 1011 3718 Episcopos
1024 3637 1060 3693 et
1074 3620 1237 3692 Prolatos
1253 3622 1380 3718 religio·

254 3762 271 3800 α
289 3758 372 3804 num
388 3736 580 3831 dispensare
592 3739 748 3809 cumsuis
760 3737 918 3826 subditis,
935 3752 973 3808 ut
993 3763 1060 3808 non
1075 3739 1220 3808 recitent
1233 3739 1378 3810 officium

255 3877 272 3912 n
286 3850 386 3942 juxta
401 3854 505 3923 ritum
524 3853 681 3924 breviarii
700 3854 751 3924 Pii
772 3857 800 3923 V
820 3853 973 3948 adquod
989 3866 1197 3944 tenerentur,
1219 3855 1381 3948 sedjuxta

256 3992 273 4030 a
295 3967 598 4040 aliudbreviarium
609 3969 848 4064 approbatum.
864 3971 966 4040 Ratio
978 3982 1040 4058 est,
1059 3967 1210 4061 quiailla
1223 3967 1381 4062 obligatio

259 4113 275 4150 a
294 4086 492 4154 nasciturex
506 4085 579 4180 lege
588 4085 717 4156 Summi
727 4085 954 4172 Pontificis,in
966 4108 1112 4178 quanon
1127 4099 1238 4178 potest
1250 4083 1383 4154 inferior

258 4231 275 4270 ιι
294 4201 497 4296 dispensare,
507 4200 623 4270 saltem
635 4202 706 4270 sine
717 4223 836 4287 eausa3
858 4199 984 4270 undesi
1000 4198 1045 4268 ita
1059 4198 1315 4293 dispenset,nou
1329 4222 1383 4266 so·

257 4348 274 4384 a
294 4317 364 4388 lurn
379 4316 514 4412 injusta,
531 4315 591 4386 sed
609 4317 710 4386 etiam
729 4304 876 4386 invalida
891 4315 955 4386 erit
967 4313 1212 4409 dispensatio...
1227 4310 1383 4384 Concedo

257 4464 275 4500 a
293 4449 405 4508 tamon
424 4457 521 4528 posse
533 4431 718 4527 Episcopos
737 4447 771 4502 et
788 4430 947 4506 Praelatos
968 4429 1171 4526 religionum
1193 4431 1383 4526 dispensare
