3004 5070
253 367 322 444 332
754 375 874 446 annus.

324 592 381 640 octo
395 583 557 658 synodorum,
582 583 713 640 Benedicti
726 583 801 652 XIV,
816 601 892 639 sacrae
903 583 1106 658 congregationis
1123 583 1243 640 Consilii.
1254 620 1261 637 .
1272 622 1297 646 ..
1320 521 1375 642 iiiii

289 674 305 747 ἓ
322 674 351 732 2.
366 674 434 730 luris
454 673 565 746 liturgici
580 693 593 728 n
607 675 636 732 S.
650 673 695 731 Pio
709 673 733 731 V
745 674 828 748 quoad
841 674 995 729 breviarium
1008 681 1033 729 at
1053 673 1153 728 missale
1175 675 1305 729 constituti

324 762 458 836 precipua
474 762 651 836 dispositiones
657 798 1301 821 .....................................
1323 761 1377 818 257

327 852 477 921 Propositc'o
491 854 526 908 1¹.
546 852 679 908 Bullarum
697 853 835 908 Planaruur
853 852 984 928 dispositio
998 852 1117 908 restricta
1124 853 1171 908 luit
1184 853 1216 908 ad
1228 853 1308 909 acele-

361 942 481 1015 siasque,
489 943 520 997 de
532 943 715 999 consuetudine
727 943 768 998 vel
776 943 880 1016 dejure,
888 940 1123 1014 liturgiaeEcclcsiae
1132 941 1252 998 Romanus
1263 961 1308 998 as-

339 1048 343 1060 ·
362 1029 538 1102 tringebantur
548 1065 649 1085 ......
658 1027 722 1094 0„
732 1064 1306 1086 .................................
1325 1029 1379 1085 257

327 1124 472 1188 Proposits'o
491 1119 529 1174 2¹.
552 1118 665 1194 Excepta
688 1119 796 1174 aeclesia
813 1117 995 1174 Mediolanensi
1017 1126 1042 1172 et
1055 1119 1160 1193 capellis
1180 1117 1308 1174 Toletanis

273 1199 276 1206 ’
362 1208 454 1282 quibus
464 1209 527 1264 ritus
539 1208 710 1266 bloaarnhicus
726 1209 863 1284 permissus
877 1209 970 1276 lucrat,
985 1216 1080 1263 eceterae
1093 1208 1170 1264 totius
1180 1205 1309 1264 Oeniden·
1379 1219 1382 1225 '

364 1298 396 1352 tis
415 1297 536 1365 ecclesie,
553 1306 665 1372 tempore
680 1297 708 1354 S.
720 1297 759 1352 Pii
771 1295 805 1365 V,
817 1295 927 1372 liturgic
949 1295 1068 1352 Romame
1092 1295 1259 1351 censebantur
1283 1305 1309 1352 et

364 1397 436 1444 erant
448 1387 480 1444 de
496 1391 555 1464 jure
569 1391 608 1444 vel
622 1388 805 1444 consuetudine
818 1387 954 1457 adstricta,
969 1407 998 1443 ac
1012 1387 1119 1463 proinde
1134 1387 1211 1443 bullis
1224 1387 1310 1444 Planis

220 1551 223 1558 .
363 1497 409 1551 pro
424 1497 512 1534 aarum
526 1487 614 1534 wnore
631 1480 714 1553 ligatos
735 1487 793 1534 suut
798 1514 1306 1534 .............................
1328 1478 1383 1535 958

329 1574 478 1638 Proposttc‘o
498 1569 534 1624 δ’.
550 1568 643 1624 Stricta
662 1577 688 1625 et
707 1568 753 1625 sub
767 1574 871 1643 peccato
886 1568 987 1624 mortali
1000 1566 1151 1640 obligatoria
1166 1567 1237 1621 luere
1251 1567 1311 1622 bre·

364 1659 472 1712 riarium
484 1667 509 1713 et
522 1659 622 1713 missale
637 1658 664 1714 S.
679 1657 718 1713 Pii
733 1656 757 1714 V
770 1657 854 1732 quoad
867 1675 954 1712 omnes
967 1655 1057 1712 munds
1070 1656 1201 1726 ecclesias,
1220 1666 1312 1730 praeter

261 1735 264 1740 Δ
366 1765 478 1820 eosquos
489 1749 626 1821 ipsummet
641 1747 733 1821 excipit
744 1746 876 1802 decretum
888 1746 996 1802 Pianum
1001 1782 1307 1803 ..................
1330 1745 1385 1801 2⁴2

332 1840 476 1903 Proposits'o
491 1837 527 1892 4¹.
542 1836 582 1891 nh
597 1835 752 1909 obligatione
775 1834 917 1910 recipiendi
931 1835 1084 1890 breviarium
1096 1843 1122 1890 et
1142 1835 1242 1890 missale
1257 1835 1315 1890 Pia·

367 1943 429 1979 num
437 1933 560 2000 exemptor
575 1934 634 1981 sunl
646 1927 770 1995 ecclesie,
786 1943 895 1999 quarum
909 1923 1030 1981 breviarii
1041 1933 1066 1980 et
1078 1925 1186 1980 missalis
1198 1925 1314 1980 lormulcs

367 2011 483 2066 ducentis
495 2013 567 2066 annis
578 2013 733 2086 antiquiores
748 2021 821 2068 erant
824 2049 1310 2070 ............................
1332 2011 1386 2068 245

334 2105 481 2168 Proposits'o
490 2102 527 2157 5¹«.
540 2100 662 2157 Ecclesiis
675 2120 690 2156 a
704 2101 805 2156 decreto
820 2101 898 2156 Plano
913 2101 1036 2174 exemptis
1049 2119 1100 2155 non
1111 2101 1219 2158 estlacta
1230 2101 1315 2156 lacul-

367 2201 405 2246 tas
424 2193 617 2267 derelinquendi
629 2193 759 2265 liturgiam
769 2191 920 2258 Romanam,
933 2211 963 2246 eo
977 2192 1061 2246 latiori
1075 2211 1149 2247 sensu
1160 2190 1315 2247 intellectam

266 2313 269 2320 ·
368 2299 419 2355 quo
437 2283 588 2357 intelligitur
608 2284 636 2338 in
660 2283 737 2337 bullis
750 2281 859 2350 Piscis,
891 2281 917 2338 id
946 2287 994 2351 est,
1021 2282 1150 2355 liturgiam
1175 2281 1316 2336 llourauarn

368 2371 547 2428 ante-Pinnem
558 2407 1312 2427 ..........................................
1334 2371 1387 2426 2⁴6

331 2465 476 2528 Proposr'lio
488 2461 525 2517 6·.
539 2459 659 2515 Ecclesiae
671 2477 686 2514 a
699 2458 824 2514 breviario
837 2466 864 2512 et
874 2458 970 2512 missali
980 2457 1009 2513 S.
1022 2458 1097 2515 PiiV
1109 2466 1240 2533 exemptae,
1255 2478 1316 2533 per-

370 2550 452 2604 missoe
465 2557 524 2605 sunt
538 2558 623 2604 tamen
634 2549 697 2604 illud
707 2548 862 2602 breviarium
876 2555 902 2602 et
912 2548 1013 2602 missale
1024 2546 1162 2622 amplecti:
1178 2567 1233 2622 qnae
1245 2567 1305 2604 rere

371 2655 400 2690 ca
424 2637 544 2692 facultate
557 2656 607 2692 usae
622 2645 682 2692 sunt
699 2636 775 2691 dictis
786 2636 912 2692 breviario
926 2644 952 2691 et
965 2637 1061 2691 missali
1075 2637 1200 2692 adstricta
1213 2655 1319 2693 reman-

371 2733 469 2780 serunt.
484 2759 1315 2782 ...............................................
1337 2727 1390 2782 247

337 2822 482 2886 Propontida
494 2817 532 2874 7¹.
550 2817 572 2872 A
591 2825 706 2892 tempore
720 2816 749 2876 S.
763 2817 804 2871 Pii
817 2815 852 2887 V,
873 2815 966 2890 duplex
985 2816 1088 2890 liturgia
1101 2817 1216 2872 Romana
1229 2816 1320 2873 distin·

370 2905 471 2977 guenda
480 2915 527 2976 est,
542 2915 569 2960 ut
580 2906 726 2961 conlusioel
734 2905 924 2982 amphibologia
934 2906 1036 2975 uitetur,
1049 2913 1074 2960 ot
1080 2905 1140 2979 jura
1149 2925 1196 2979 pro
1209 2915 1316 2979 utraque

371 3003 438 3048 reete
456 2995 657 3050 determinentur
667 3031 1312 3051 .....................................
1333 2995 1387 3050 249

300 3085 317 3155 ξ
336 3085 364 3138 3.
386 3084 577 3140 Determinatur
592 3086 634 3158 jus
644 3103 779 3140 commune
792 3085 940 3158 liturgicum
952 3084 1035 3157 quoad
1044 3083 1163 3140 ecclesias
1172 3103 1228 3158 quiue
1240 3085 1316 3141 litur-

373 3175 420 3246 giae
439 3174 559 3230 Romane
579 3175 737 3248 post-Pione
759 3175 951 3247 adstringuntur
954 3211 1314 3230 .....................
1336 3175 1390 3232 250

336 3267 482 3331 Propositie
493 3267 529 3320 4¹.
543 3263 600 3317 Nou
614 3264 705 3338 putuit,
721 3271 779 3338 post
789 3262 865 3317 Pium
876 3261 911 3329 V,
930 3262 1007 3317 etiam
1018 3263 1167 3318 auctoritate
1178 3263 1319 3318 ordinario-

373 3370 430 3407 rum
442 3360 467 3406 et
480 3370 540 3406 cum
554 3369 678 3406 consensu
689 3351 804 3425 capituli,
819 3352 846 3405 iu
857 3350 981 3406 breviario
994 3358 1019 3405 et
1032 3351 1128 3407 missali
1140 3352 1254 3407 Romano
1265 3371 1320 3407 cor-

348 3475 352 3480 ·
373 3447 443 3494 recto
456 3439 596 3514 quidquam
607 3439 676 3507 addi,
700 3439 799 3496 detrahi
815 3447 858 3494 aut
869 3439 999 3494 immutari
1005 3476 1137 3498 ........
1145 3432 1315 3501 ι......ζ..
1338 3443 1392 3501 250

338 3534 483 3598 Proposltio
501 3529 539 3584 θ’.
565 3529 659 3585 Contra
678 3529 777 3604 prelati
800 3530 919 3602 praecepti
943 3528 1076 3584 violatores
1097 3529 1238 3585 constituta
1261 3538 1321 3584 sunt

374 3637 453 3694 prenae
473 3619 600 3674 canonicae
613 3637 659 3694 per
672 3620 774 3674 decreta
786 3618 915 3696 pontificio
921 3654 1316 3677 .......................
1339 3621 1389 3677 251

338 3715 485 3779 Propositr'o
498 3711 535 3766 5¹.
555 3709 684 3764 Praedicta
703 3709 840 3782 pontiliciae
858 3709 1048 3764 constitutiones
1062 3709 1089 3763 in
1104 3717 1158 3764 toto
1172 3727 1217 3764 suo
1231 3709 1321 3766 robore

375 3801 542 3876 permansisse
557 3801 691 3856 censendae
702 3809 776 3869 sunt3
797 3801 833 3854 ita
846 3807 975 3874 utreque
987 3799 1064 3855 bodie
1080 3799 1107 3854 iu
1119 3801 1232 3856 ecclesiis
1243 3801 1323 3857 litur-

374 3891 421 3961 giae
434 3890 554 3944 Romans
571 3888 730 3964 post-Pione
749 3887 876 3944 adstrictis
892 3888 970 3963 possit
989 3889 1103 3961 legitime
1121 3897 1148 3943 et
1168 3891 1222 3943 aine
1241 3890 1322 3963 poenis

375 3983 430 4037 fieri
449 3985 501 4040 ulla
515 3983 658 4038 immutatio
664 4015 1318 4040 .....................................
1340 3979 1389 4034 25¹
1486 3969 1487 3988 ¹

339 4075 483 4138 Proposltlo
497 4075 535 4130 4¹.
548 4074 577 4127 ln
599 4071 713 4128 ecclesiis
729 4089 784 4145 quse
799 4079 857 4146 post
869 4070 951 4125 bullas
964 4069 1056 4124 Pinnas
1076 4086 1141 4123 novo
1159 4067 1284 4122 breviario
1297 4075 1324 4122 et

375 4159 471 4213 missali
481 4157 595 4216 Romano
605 4161 729 4216 adstricta
741 4161 853 4229 luerunt,
865 4179 915 4214 non
927 4164 1065 4232 potuerunt
1074 4175 1156 4230 neque
1165 4157 1249 4210 adlruc
1261 4175 1324 4231 pos-

376 4249 564 4306 suntordinarii
582 4250 682 4306 Praetm
703 4251 755 4306 ulln
780 4257 924 4306 sauctorum
942 4247 1027 4304 ollicia
1050 4246 1194 4302 calendario
1219 4247 1323 4323 propria

377 4338 525 4396 auctoritate
547 4339 668 4413 adjicere,
688 4349 716 4394 ut
730 4358 845 4414 expresse
864 4339 1013 4395 auctoritate
1034 4335 1323 4411 Apostolicatlecretum

374 4437 411 4484 est
414 4465 1318 4488 ...................................................
1341 4425 1396 4482 nst
