3018 5070
498 445 544 491 ur:
568 447 656 495 June
682 449 886 497 ntruucrco.
1209 453 1253 524 27

130 565 196 632 «Β.
223 563 398 661 Virginis3
423 593 504 663 ergo
527 571 663 644 videtur
683 576 774 670 quod
794 575 827 644 in
857 575 929 671 ipsa
951 600 1009 644 sua
1035 573 1255 668 conceptione

20 771 27 782 .
123 697 145 744 'u
158 679 261 749 fuerit
275 699 411 772 saneta3
430 701 463 754 et
478 687 523 757 ita
539 689 631 782 quod
655 705 732 760 ante
752 691 991 762 animationem
1015 689 1117 761 fuerit
1131 693 1255 763 saucti-

127 793 268 865 uficata.
282 827 299 861 »
318 800 383 868 Cui
399 799 581 896 objectioni
602 807 782 902 respondet
796 807 860 876 boc
875 806 977 876 modo
997 835 1004 877 :
1020 835 1036 870 u
1055 807 1102 876 dd
1118 807 1253 875 tertium

128 909 364 1000 edicendum,
383 915 476 1010 quod
497 917 573 989 licet
596 925 749 992 Romana
772 922 918 992 Ecclesia
937 923 1193 1018 conceptionem
1212 925 1252 992 B.

129 1028 312 1123 «Virginis
336 1057 404 1101 non
425 1033 590 1127 celebret,
613 1038 734 1108 tolerat
753 1054 865 1107 tamen
888 1039 1168 1110 cousuetudinem
1191 1037 1255 1108 ali·

129 1171 145 1205 «
158 1168 307 1234 quarum
325 1145 539 1219 ecclesiarum
557 1151 640 1220 illud
656 1153 778 1222 festum
791 1152 1044 1222 celebrantium.
1064 1153 1166 1222 Unde
1180 1152 1256 1224 talis

129 1257 338 1330 «celebritas
366 1289 438 1332 non
465 1281 515 1336 est
541 1267 689 1338 totaliter
712 1269 933 1364 reprobanda.
960 1259 1032 1340 Nec
1060 1284 1169 1337 tamen
1195 1291 1256 1362 per

130 1373 226 1443 «hoc
244 1375 337 1469 quod
361 1377 484 1448 festum
502 1381 737 1480 Conceptionis
761 1383 968 1472 celebratur,
989 1383 1090 1458 datur
1113 1381 1256 1480 intelligi

131 1515 148 1551 u
161 1489 254 1582 quod
273 1493 309 1559 in
327 1517 386 1562 sna
404 1500 625 1591 conceptione
640 1498 742 1568 fuerit
759 1515 897 1585 sancta3
917 1495 973 1568 sed
991 1498 1068 1594 quia
1089 1524 1156 1592 quo
1178 1513 1257 1567 tem·

132 1629 244 1698 «pore
264 1605 472 1680 sanctificata
489 1612 591 1682 fuerit
609 1615 810 1708 ignoratur,
832 1610 1020 1684 celebratur
1036 1614 1156 1683 festum
1182 1633 1257 1684 san·

132 1721 374 1794 tretilicationis
398 1726 469 1819 ejus
489 1729 601 1822 potius
624 1755 724 1824 quam
745 1732 977 1825 conceptionis
1002 1729 1037 1799 in
1060 1729 1113 1799 die
1136 1755 1255 1798 conce·

124 1839 284 1931 ¹uptionis
304 1841 419 1934 ipsius
443 1873 460 1907 s
490 1841 591 1914 Unde
610 1861 746 1915 sanctus
764 1845 911 1916 Thomas
935 1845 1160 1916 concludebat
1181 1829 1257 1914 sau·

132 1965 218 2020 etam
235 1951 340 2023 fuisse
355 1957 563 2029 nativitatem
580 1961 618 2028 B.
637 1959 789 2056 Virginis
803 1986 842 2029 ex
861 1961 1006 2056 eoquod
1022 1958 1257 2031 universaliter

132 2065 362 2139 celebraretur
390 2072 513 2142 festum
541 2074 752 2161 Natiuitatis3
770 2075 1018 2145 immaculatam
1051 2100 1129 2145 vero
1156 2075 1256 2145 luisse

131 2187 386 2278 conceptionem
409 2213 477 2257 non
495 2187 718 2258 concludebat
738 2217 777 2259 ex
792 2191 876 2259 festo
897 2191 1159 2283 Conceptionis‚
1177 2190 1255 2284 quia

131 2302 1253 2395 suotemporenoncelebrabaturbocfestumabEcclesiaRomana,

131 2413 187 2484 sed
209 2431 341 2487 tantum
361 2445 402 2488 ex
417 2419 594 2494 tolerantia
609 2423 643 2491 in
662 2407 832 2516 aliquibus
847 2420 951 2509 locis,
972 2437 1006 2490 et
1026 2423 1105 2516 quia
1120 2421 1257 2514 insuper

131 2533 270 2624 putabat
293 2560 354 2628 per
372 2534 457 2606 illud
481 2537 602 2607 sestum
623 2563 691 2606 non
710 2537 798 2607 clare
814 2538 955 2634 exprimi
976 2537 1097 2631 dogma
1116 2562 1257 2632 concep·

132 2646 231 2716 tionis
252 2649 493 2737 immaculatae,
516 2667 552 2721 ut
574 2669 664 2748 patet
681 2679 719 2721 ex
740 2653 959 2748 sequentibus
975 2654 1046 2747 ejus
1064 2653 1172 2722 verbis
1188 2651 1259 2748 (tlt

131 2765 325 2854 «Quamvis
345 2761 456 2836 autem
475 2771 577 2837 beata
595 2770 703 2865 Virgo
714 2769 749 2836 in
769 2767 926 2864 originali
941 2782 1081 2863 peccato
1095 2781 1260 2864 concepta

131 2905 147 2942 c
161 2879 277 2970 fuerit,
293 2879 442 2951 creditur
459 2896 571 2952 tamen
587 2884 621 2950 in
634 2897 730 2951 utero
743 2881 844 2952 fuisse
859 2883 1064 2953 sanctificata
1075 2896 1257 2974 antequam

132 3021 147 3058 u
160 3011 253 3065 nata.
269 2996 314 3065 Et
329 2995 403 3067 ideo
418 2997 506 3066 circa
520 2995 779 3068 celebrationem
795 2999 1026 3092 conceptionis
1041 2998 1111 3090 ejus
1127 2997 1256 3066 diversa

130 3137 147 3173 u
158 3110 371 3180 consuetudo
382 3109 597 3181 ecclesiarum
614 3110 767 3182 inolevit.
783 3116 870 3184 Nam
889 3115 1042 3180 Romana
1055 3110 1203 3181 Ecclesia
1222 3125 1256 3181 et

132 3223 323 3319 «plurimae,
347 3225 439 3317 aliae,
465 3227 716 3298 considerantes
746 3230 1002 3324 conceptionem
1033 3227 1186 3324 Virginis
1220 3229 1255 3297 iu

131 3341 319 3435 «originali
346 3358 484 3438 peccato
513 3343 631 3434 luisse,
653 3346 776 3416 festum
802 3343 1050 3439 'Conceptionis
1079 3369 1147 3412 non
1167 3342 1255 3413 cele·

131 3455 271 3528 nbrant.
306 3457 420 3554 Aliqui
443 3485 536 3546 vero,
565 3461 815 3530 considerantes
847 3457 1144 3528 sanctificationem
1181 3457 1255 3552 ejus

131 3599 146 3636 u
161 3573 194 3640 in
207 3587 316 3660 uteru,
328 3571 425 3668 cujus
440 3585 569 3670 tempus
583 3577 772 3671 ignoratur,
785 3573 958 3644 celebrant
971 3574 1255 3668 Conceptionem:

131 3689 310 3759 «creditur
325 3691 415 3760 enim
429 3691 521 3786 quod
539 3693 701 3788 cito'post
718 3693 969 3787 conceptionem
985 3705 1019 3760 et
1031 3691 1150 3759 animae
1165 3689 1256 3759 insu·

132 3807 289 3875 «sionem
318 3805 420 3876 suerit
449 3805 665 3878 sanctificata.
694 3809 794 3894 Unde
828 3806 884 3876 illa
906 3805 1080 3878 celebritas
1109 3832 1178 3875 non
1206 3820 1257 3875 est

132 3947 147 3982 n
161 3921 337 3992 referenda
349 3921 390 3991 ad
404 3925 659 4019 conceptionem
673 3926 802 3994 ratione
816 3922 1058 4018 conceptionis,
1072 3922 1129 3991 sed
1142 3919 1255 4018 potius

131 4039 290 4109 «ratione
309 4039 594 4110 sanctificationis.
616 4039 672 4110 Sic
694 4065 775 4136 ergo
797 4065 866 4108 nou
888 4055 938 4109 est
964 4037 1038 4108 ideo
1057 4035 1256 4107 celebranda

132 4155 336 4249 «conceptio
350 4155 522 4249 praedicta,
545 4157 624 4250 quia
643 4155 825 4225 fueritsin'e
847 4169 982 4250 peceato
1004 4152 1159 4248 originali
1175 4178 1255 4222 con·

165 4397 201 4469 (l)
220 4399 248 4454 Si
264 4410 349 4457 tamen
362 4401 442 4478 ipsius
455 4401 524 4469 siut;
540 4401 711 4457 desumuntur
725 4401 795 4456 euim
818 4419 847 4456 ex
861 4399 1023 4469 cucullosus,
1036 4414 1091 4471 qne
1111 4403 1197 4451 utrum
1211 4413 1254 4450 re-

131 4506 186 4543 vera
198 4491 248 4546 sint
258 4491 369 4547 doctoris
382 4492 499 4565 angelici,
515 4490 672 4566 disputatum
687 4490 745 4546 tuit.
