3004 5070
249 369 322 461 298
610 419 613 427 Δ
707 386 912 434 autmarus

242 513 380 587 bilibus
406 514 581 586 dunuaxet
604 512 823 609 intelligenda
847 528 929 582 sunt
949 509 1134 605 :alioquin
1159 511 1196 580 iu
1222 535 1375 584 errorem

249 627 466 704 inducerent.

777 771 797 863 S
818 773 862 840 V.

576 945 623 1002 lus
633 946 781 1020 liturgicum
790 945 873 1020 quoad
888 945 979 1002 rituale
991 946 1041 1018 (l).

241 1131 245 1138 ⁵
299 1142 455 1214 Vidimus
473 1145 508 1212 in
529 1144 760 1242 superioribus
782 1143 1012 1239 paragraphis,
1035 1138 1132 1213 facilc
1152 1140 1378 1212 demonstrari

242 1253 371 1326 'latinas
407 1284 523 1327 omnes
554 1258 709 1328 ecclesias
735 1257 777 1328 ad
803 1255 1099 1354 martyrologium,
1119 1254 1314 1354 pontificale
1344 1274 1378 1328 et

247 1372 480 1444 caeremoniale
510 1399 686 1444 romanum
712 1373 888 1442 adstrictas
917 1397 1001 1443 esse.
1037 1375 1162 1442 Utrum
1190 1385 1304 1440 autem
1334 1371 1378 1441 ad

250 1485 373 1557 rituale
392 1489 495 1557 etiam
521 1493 713 1558 Romanum
738 1487 1011 1584 adstringantur,
1032 1513 1101 1556 nou
1123 1487 1167 1555 ita
1189 1487 1300 1582 primo
1322 1487 1377 1555 in-
1406 1477 1410 1483 ¹

248 1607 337 1675 tuitu
371 1607 516 1702 perspici
540 1623 665 1706 potest,
693 1632 756 1676 nec
784 1607 964 1676 defuerunt
990 1607 1052 1702 qui
1081 1603 1113 1672 id
1141 1605 1256 1700 negari
1279 1629 1378 1698 posse

252 1736 424 1815 putarent.
452 1722 672 1791 Discutienda
702 1747 783 1818 ergo
811 1738 861 1792 est
889 1719 1066 1816 diligenter
1084 1721 1245 1815 quaesti03
1274 1744 1377 1812 quam

250 1834 325 1902 ideo
343 1835 409 1903 boc
423 1836 543 1905 ordine
560 1837 786 1932 expendemus
804 1863 813 1907 ε
834 1836 869 1907 1⁰
888 1837 1070 1906 afferemus
1085 1849 1193 1904 textus
1207 1834 1378 1930 praecipue

247 1949 491 2040 attendendos,
511 1964 558 2020 ‘ut
584 1949 734 2046 dignosci
759 1949 870 2020 valeat
894 1966 1010 2020 utrum
1034 1947 1155 2018 rituale
1180 1951 1375 2017 Romanum

248 2063 491 2162 obligatorium
513 2069 556 2136 sit
581 2093 697 2136 necne.
727 2066 767 2135 2⁰
783 2071 960 2162 Tanquam
980 2082 1108 2136 certum
1132 2063 1375 2134 concludemus

249 2179 379 2250 licitum
414 2181 529 2252 saltem
558 2181 699 2252 cuilibet
728 2207 798 2250 esse
835 2181 869 2250 in
896 2180 1125 2250 ministrandis
1157 2179 1377 2250 sacramentis

250 2296 364 2365 rituali
386 2299 541 2366 Romano
560 2297 623 2367 uti.
642 2295 681 2367 3⁰
705 2297 891 2367 dfseremus
909 2296 1056 2365 rationes
1070 2321 1144 2390 quae
1162 2293 1304 2364 suadere
1320 2295 1378 2363 vi-

247 2411 375 2480 dentur
392 2411 629 2508 obligatorium
649 2415 717 2480 non
736 2437 805 2480 esse
824 2411 906 2482 illud
922 2409 1063 2498 rituale,
1083 2425 1115 2478 et
1134 2436 1231 2506 posse
1252 2436 1377 2505 quam·

241 2515 330 2594 'tibet
350 2525 522 2596 ecclesiam
542 2523 634 2597 aliud
662 2527 725 2598 sibi
749 2527 925 2623 proprium
952 2527 1123 2596 adbibere.
1148 2523 1188 2610 4⁰
1206 2525 1376 2594 Probabi-

249 2667 324 2710 mus
357 2669 426 2712 non
455 2642 566 2713 valere
597 2645 772 2742 praedictas
799 2647 964 2732 rationes,
983 2660 1018 2714 et
1039 2641 1158 2712 rituale
1182 2645 1376 2712 Romanum

247 2757 398 2826 strictam
419 2759 487 2825 vim
507 2757 609 2853 legis,
632 2784 749 2830 omnes
773 2759 894 2829 latinas
917 2755 1072 2828 ecclesias
1093 2755 1295 2854 obligantis,
1315 2757 1378 2824 ba·

248 2869 337 2940 bere.

709 3001 871 3058 PUNCTUM
887 3001 910 3057 1.

300 3168 394 3224 Tertor
406 3170 534 3243 precipue
546 3170 695 3228 osmundi
706 3179 739 3226 ut
748 3171 862 3244 dignosci
874 3171 1166 3237 ”humanationis
1176 3171 1325 3228 nomm

640 3256 820 3330 obligatorium
834 3257 867 3314 nt
887 3276 979 3314 nccnc.

297 3429 401 3495 Breve
418 3426 513 3496 Pauli
533 3429 563 3495 V
583 3425 705 3496 rituale
732 3431 924 3498 Romanum
942 3427 1146 3523 publicantis
1172 3429 1220 3497 sic
1243 3427 1373 3496 babet:

244 3542 438 3611 «Restabat
453 3557 491 3610 ut
507 3565 576 3611 uno
591 3544 690 3611 etiam
713 3541 885 3612 volumine
900 3543 1134 3637 comprehensi
1150 3542 1235 3610 sarri
1252 3557 1287 3610 et
1306 3543 1375 3610 sin-

249 3687 264 3718 «
279 3657 347 3726 ceri
374 3657 531 3727 Ecclesiae
550 3657 723 3728 catholicae
746 3659 843 3746 ritus,
862 3661 921 3754 qui
941 3660 976 3726 in
1001 3674 1290 3728 sacramentorum
1314 3657 1375 3726 ad·

237 3777 264 3837 'a
280 3773 528 3842 ministratione
555 3771 694 3868 aliisque
726 3773 958 3843 ecclesiasticis
988 3771 1218 3842 functionibus
1248 3773 1372 3842 servari

285 4025 323 4098 (l)
339 4025 437 4082 Rituule
457 4025 601 4082 Romanum
618 4028 692 4102 jussu
710 4027 784 4083 Pauli
800 4027 822 4084 V
836 4029 1009 4104 conscriptum
1028 4027 1093 4098 luit,
1104 4029 1131 4083 in
1152 4047 1203 4100 quo
1216 4025 1374 4101 perficiendo

247 4133 336 4192 opere,
351 4120 490 4192 precipuas
502 4128 586 4192 partes
599 4119 690 4174 habuit
703 4119 819 4175 eruditus
830 4120 983 4192 Gabbntius,
1000 4119 1096 4175 ordinis
1108 4121 1258 4176 clericorum
1271 4119 1377 4191 regula-

248 4208 318 4262 rium
327 4207 408 4262 aucti
419 4206 492 4262 Pauli
505 4208 591 4281 (vulga
606 4208 824 4283 Bmhitrrnru).
839 4207 921 4284 Cujus
931 4210 1120 4283 moeuptn
1134 4208 1213 4266 codex
1232 4207 1373 4266 taurum

242 4305 389 4354 meatur
403 4299 489 4357 ltornu
507 4297 577 4370 apud
592 4298 724 4370 religiosas
737 4299 855 4379 ejusdem
864 4299 973 4372 ordinis,
983 4300 1010 4356 iu
1028 4301 1136 4380 cattegio
1149 4303 1231 4359 sancti
1242 4302 1372 4364 Carolird

246 4387 419 4443 Cntbiuarios.
