2934 5074
260 370 327 444 126
719 390 921 438 reimarus

252 519 496 619 permlvantur
511 531 732 620 monumenta
748 519 781 588 in
797 519 909 614 primo
927 515 1098 588 volumine
1109 517 1304 589 concilieris
1314 509 1387 590 sne

251 637 461 712 collectionis
471 661 490 704 a
501 636 633 706 Mansio
646 648 806 727 congesta
815 659 824 721 ;
834 649 868 702 et
881 633 1303 729 videantprotestantesan
1314 655 1398 707 non*

253 751 394 848 singulae
410 751 478 820 fere
500 749 630 845 paginae
653 747 812 835 clament,
830 749 925 818 initia
948 747 1101 820 Ecclesiae
1122 751 1387 844 gubernantium

253 867 473 962 praelatorum
491 881 524 935 et
539 865 809 960 gubernatorum
829 863 982 934 fidelium
1009 864 1153 934 sormam
1178 846 1384 936 exhibuisse.

303 989 394 1080 Ergo
409 985 532 1054 falsum
546 1000 595 1054 ast
609 997 809 1078 potestatem
825 984 1081 1078 gubernatiram
1102 983 1145 1054 ad
1166 985 1275 1054 totam
1298 981 1387 1052 fide·

253 1101 338 1172 lium
357 1098 588 1170 collectionem
609 1100 797 1193 pertinere3
815 1124 897 1194 ergo
923 1098 992 1168 ruit
1010 1099 1151 1168 omuino
1173 1098 1384 1193 principium

252 1242 295 1286 ex
312 1242 379 1312 quo
392 1230 615 1310 protestantes
638 1213 788 1284 fidelium
808 1214 1017 1284 multitudini
1047 1215 1240 1284 attribuunt
1265 1237 1385 1309 supre-

254 1357 348 1402 mum
362 1331 418 1424 jus
432 1331 639 1426 liturgicum.

781 1503 855 1596 §n

254 1709 415 1784 [inpenditur
423 1709 450 1763 in
464 1709 547 1782 seipso
559 1715 585 1762 et
596 1706 688 1762 falsum
696 1705 819 1780 probatur
827 1706 1035 1779 protestanticnm
1048 1713 1166 1780 systema,
1174 1723 1226 1780 quo
1235 1721 1385 1780 supremum

504 1798 548 1870 jus
561 1796 708 1867 liturgicum
720 1795 836 1852 fidelium
848 1796 993 1852 collectioni
1001 1795 1131 1852 tribuitur.

303 2001 363 2066 lus
383 2021 579 2090 supremum
605 1994 852 2064 constituendae
884 1994 1027 2090 liturgiae
1050 2009 1100 2064 est
1122 1993 1220 2064 simul
1243 1995 1303 2088 jus
1326 1995 1385 2064 de-

254 2111 416 2183 cernendi
446 2111 487 2180 de
522 2109 609 2200 fide,
644 2109 911 2205 religionemque
945 2109 1179 2204 praescribendi
1210 2126 1244 2178 et
1279 2111 1387 2206 impo-

256 2228 369 2297 nendi.
389 2227 426 2298 ld
445 2228 597 2321 sequitur
614 2252 655 2296 ex
682 2227 792 2321 prima
823 2225 927 2320 bnjus
954 2239 1116 2296 tractatus
1138 2229 1259 2314 Parte3
1286 2242 1385 2320 atque

256 2342 344 2411 idem
368 2343 573 2435 caeteroquin
588 2339 739 2411 fatentur
766 2339 937 2434 graviores
965 2363 1007 2408 ex
1032 2339 1275 2433 protestantica
1299 2356 1384 2410 secta

253 2459 446 2552 scriptores.
463 2461 556 2528 Dum
572 2459 662 2526 enim
679 2455 889 2550 principibus
905 2451 1147 2548 temporalibus
1160 2454 1195 2522 id
1211 2457 1384 2550 potestatis

255 2571 436 2664 denegant,
457 2596 494 2640 ea
520 2571 733 2666 potissimum
758 2570 888 2639 ratione
919 2583 1084 2660 utuntur,
1103 2569 1208 2664 quod,
1229 2595 1384 2642 concessa

256 2685 337 2780 ipsis
357 2687 390 2753 in
410 2685 580 2780 liturgiam
604 2710 761 2780 suprema
797 2687 1018 2776 auctoritate,
1044 2688 1079 2754 in
1105 2689 1382 2784 casoro-papiam

256 2799 368 2896 lapsus
388 2801 457 2870 fiat.
479 2803 514 2870 Si
535 2801 677 2896 imperio
692 2799 779 2870 civili
800 2801 994 2896 hujusmodi
1025 2802 1235 2872 tribueretur
1261 2829 1381 2898 praero-

253 2915 379 3010 gativa,
399 2917 445 2986 ait
468 2914 571 3000 Pfaff,
599 2918 864 3014 princepsque
890 2916 971 2988 tulis
992 2933 1114 3014 presset
1139 2915 1290 2988 subditis
1313 2921 1382 2988 sur's

253 3030 461 3128 religionem
477 3034 657 3128 imponere
675 3049 709 3102 et
729 3032 911 3131 injungere
928 3059 1185 3132 quamcumque
1202 3033 1335 3119 vellet;
1349 3033 1384 3106 id

253 3146 359 3240 quod,
376 3163 412 3216 ut
428 3149 541 3243 quz'ur's
558 3145 668 3234 vr'det,
680 3146 912 3244 manifestum
925 3150 1204 3220 inconscientr'as
1222 3151 1379 3238 tyrotari-

253 3265 348 3351 dem,
386 3260 614 3357 manifestum
643 3265 936 3360 caesurvpapinm
965 3263 1151 3336 involveret
1176 3261 1296 3359 (rfatf,
1326 3269 1378 3336 Jus

250 3381 371 3454 eccles.
387 3405 418 3450 c.
451 3403 485 3476 7,
507 3378 548 3448 de
569 3376 729 3474 liturgiis,
754 3378 1033 3467 confessionibus,
1061 3376 1142 3474 etc.)
1165 3381 1273 3474 Atqui
1297 3382 1377 3450 ratio
1464 3459 1465 3480 χ

255 3497 326 3588 illa,
343 3522 445 3590 squam
467 3495 590 3564 merito
619 3509 744 3590 urgent
765 3509 992 3592 protestantes
1013 3509 1052 3564 ut
1077 3494 1267 3589 principem
1291 3521 1376 3566 asu·
1464 3495 1465 3562 l

257 3637 373 3708 prema
406 3614 439 3682 in
475 3611 647 3708 liturgiam
679 3626 846 3708 potestate
878 3611 1063 3708 legislativu
1084 3609 1281 3700 excludant,
1315 3637 1374 3682 non

254 3731 368 3800 minus
387 3727 539 3799 valetud
565 3726 809 3800 excludendam
834 3729 876 3798 ab
895 3727 1012 3798 eadem
1035 3741 1201 3824 potestate
1232 3727 1374 3800 fidelium
1464 3717 1465 3810 l

254 3842 524 3916 multitudinem.

305 3961 440 4030 Etenim
453 3985 530 4028 cum
551 3983 684 4054 semper
702 3984 819 4028 vesum
844 3971 1013 4028 remaneat
1043 3959 1100 4054 jus
1129 3958 1373 4054 praescribendae

255 4073 414 4169 liturgiae,
430 4099 501 4144 esse
521 4073 619 4144 simul
641 4075 903 4146 determinandae
927 4074 1003 4144 fidei
1017 4090 1234 4170 potestatem,
1259 4075 1372 4148 debent

254 4204 493 4286 protestantes,
517 4203 555 4258 ut
569 4190 633 4258 sibi
653 4206 826 4280 constent,
841 4189 1053 4262 multitudini
1074 4215 1137 4262 seu
1169 4193 1289 4286 majori
1313 4215 1371 4260 nu·

244 4331 350 4376 mem
376 4305 525 4376 fidelium
558 4304 707 4374 tribuere
735 4306 792 4399 jus
819 4306 1070 4400 praescribenda
1103 4321 1137 4376 et
1165 4304 1371 4403 injungenda

253 4421 440 4518 religionis.
463 4425 568 4492 Porro
587 4418 622 4490 id
650 4419 831 4490 concedere
851 4435 1046 4515 nequeunt,
1073 4422 1156 4518 quin
1185 4435 1293 4494 totum
1311 4421 1369 4490 bu-
