<?xml version="1.0" encoding="UTF-8"?>
<!DOCTYPE html PUBLIC "-//W3C//DTD XHTML 1.0 Transitional//EN"
    "http://www.w3.org/TR/xhtml1/DTD/xhtml1-transitional.dtd">
<html xmlns="http://www.w3.org/1999/xhtml" xml:lang="en" lang="en">
 <head>
  <title>
</title>
<meta http-equiv="Content-Type" content="text/html;charset=utf-8" />
  <meta name='ocr-system' content='tesseract 3.04.00' />
  <meta name='ocr-capabilities' content='ocr_page ocr_carea ocr_par ocr_line ocrx_word'/>
</head>
<body>
  <div class='ocr_page' id='page_1' title='image "./tractatusdejure00bouigoog_0259.png"; bbox 0 0 2978 5076; ppageno 0'>
   <div class='ocr_carea' id='block_1_1' title="bbox 210 401 877 488">
    <p class='ocr_par' dir='ltr' id='par_1_1' title="bbox 210 401 877 488">
     <span class='ocr_line' id='line_1_1' title="bbox 210 401 877 488; baseline 0 -14"><span class='ocrx_word' id='word_1_1' title='bbox 210 401 283 488; x_wconf 67' lang='lat'><strong>246</strong></span> <span class='ocrx_word' id='word_1_2' title='bbox 664 427 877 476; x_wconf 76' lang='lat' dir='ltr'><strong>mscrsrus</strong></span> 
     </span>
    </p>
   </div>
   <div class='ocr_carea' id='block_1_2' title="bbox 163 553 1394 4458">
    <p class='ocr_par' dir='ltr' id='par_1_2' title="bbox 163 553 1394 4458">
     <span class='ocr_line' id='line_1_2' title="bbox 256 553 1340 656; baseline 0.003 -30"><span class='ocrx_word' id='word_1_3' title='bbox 256 556 450 650; x_wconf 87' lang='lat' dir='ltr'><strong>Propositio</strong></span> <span class='ocrx_word' id='word_1_4' title='bbox 474 553 520 626; x_wconf 71' lang='grc' dir='ltr'><strong>δ’.</strong></span> <span class='ocrx_word' id='word_1_5' title='bbox 538 555 710 626; x_wconf 79' lang='lat' dir='ltr'><strong>Ecclesiis</strong></span> <span class='ocrx_word' id='word_1_6' title='bbox 729 553 905 627; x_wconf 77' lang='lat' dir='ltr'><strong>urlecreto</strong></span> <span class='ocrx_word' id='word_1_7' title='bbox 922 557 1038 626; x_wconf 85' lang='lat' dir='ltr'><strong>Piouo</strong></span> <span class='ocrx_word' id='word_1_8' title='bbox 1064 557 1241 656; x_wconf 79' lang='lat' dir='ltr'><strong>exemptis</strong></span> <span class='ocrx_word' id='word_1_9' title='bbox 1267 585 1340 630; x_wconf 81' lang='lat' dir='ltr'><strong>uon</strong></span> 
     </span>
     <span class='ocr_line' id='line_1_3' title="bbox 210 669 1340 771; baseline 0.001 -27"><span class='ocrx_word' id='word_1_10' title='bbox 210 687 266 744; x_wconf 85' lang='lat' dir='ltr'><strong>est</strong></span> <span class='ocrx_word' id='word_1_11' title='bbox 274 673 384 768; x_wconf 83' lang='lat' dir='ltr'><strong>suctu</strong></span> <span class='ocrx_word' id='word_1_12' title='bbox 391 671 558 766; x_wconf 76' lang='lat' dir='ltr'><strong>facultas</strong></span> <span class='ocrx_word' id='word_1_13' title='bbox 580 669 846 768; x_wconf 72' lang='lat' dir='ltr'><strong>derelinquendi</strong></span> <span class='ocrx_word' id='word_1_14' title='bbox 863 671 1044 771; x_wconf 72' lang='lat' dir='ltr'><strong>liturgiam</strong></span> <span class='ocrx_word' id='word_1_15' title='bbox 1062 679 1276 760; x_wconf 81' lang='lat' dir='ltr'><strong>Romanum,</strong></span> <span class='ocrx_word' id='word_1_16' title='bbox 1296 701 1340 746; x_wconf 86' lang='lat' dir='ltr'><strong>eo</strong></span> 
     </span>
     <span class='ocr_line' id='line_1_4' title="bbox 210 787 1335 888; baseline 0.003 -29"><span class='ocrx_word' id='word_1_17' title='bbox 210 789 333 860; x_wconf 79' lang='lat' dir='ltr'><strong>Iuttbrt&#39;</strong></span> <span class='ocrx_word' id='word_1_18' title='bbox 343 813 449 859; x_wconf 80' lang='lat' dir='ltr'><strong>sensu</strong></span> <span class='ocrx_word' id='word_1_19' title='bbox 467 787 696 876; x_wconf 70' lang='lat' dir='ltr'><strong>intellectam,</strong></span> <span class='ocrx_word' id='word_1_20' title='bbox 713 813 783 888; x_wconf 86' lang='lat' dir='ltr'><strong>quo</strong></span> <span class='ocrx_word' id='word_1_21' title='bbox 801 787 1008 886; x_wconf 76' lang='lat' dir='ltr'><strong>intelligitur</strong></span> <span class='ocrx_word' id='word_1_22' title='bbox 1020 791 1057 859; x_wconf 84' lang='lat' dir='ltr'><strong>in</strong></span> <span class='ocrx_word' id='word_1_23' title='bbox 1074 789 1180 860; x_wconf 80' lang='lat' dir='ltr'><strong>bullis</strong></span> <span class='ocrx_word' id='word_1_24' title='bbox 1196 791 1335 879; x_wconf 71' lang='lat' dir='ltr'><strong>Ptoou,</strong></span> 
     </span>
     <span class='ocr_line' id='line_1_5' title="bbox 211 903 1340 1004; baseline 0.002 -30"><span class='ocrx_word' id='word_1_25' title='bbox 211 903 340 991; x_wconf 79' lang='lat' dir='ltr'><strong>idest,</strong></span> <span class='ocrx_word' id='word_1_26' title='bbox 367 906 547 1004; x_wconf 74' lang='lat' dir='ltr'><strong>liutrgium</strong></span> <span class='ocrx_word' id='word_1_27' title='bbox 572 907 775 974; x_wconf 82' lang='lat' dir='ltr'><strong>Romanum</strong></span> <span class='ocrx_word' id='word_1_28' title='bbox 803 904 1074 974; x_wconf 83' lang='lat' dir='ltr'><strong>unte-Pt&#39;auum.</strong></span> <span class='ocrx_word' id='word_1_29' title='bbox 1089 946 1140 958; x_wconf 86' lang='lat'><em>-</em></span> <span class='ocrx_word' id='word_1_30' title='bbox 1153 909 1195 976; x_wconf 87' lang='lat' dir='ltr'><strong>In</strong></span> <span class='ocrx_word' id='word_1_31' title='bbox 1227 908 1340 1001; x_wconf 80' lang='lat' dir='ltr'><strong>prima</strong></span> 
     </span>
     <span class='ocr_line' id='line_1_6' title="bbox 210 1017 1340 1117; baseline 0.002 -27"><span class='ocrx_word' id='word_1_32' title='bbox 210 1019 313 1114; x_wconf 84' lang='lat' dir='ltr'><strong>hujus</strong></span> <span class='ocrx_word' id='word_1_33' title='bbox 330 1021 449 1116; x_wconf 85' lang='lat' dir='ltr'><strong>capitis</strong></span> <span class='ocrx_word' id='word_1_34' title='bbox 462 1020 695 1117; x_wconf 77' lang='lat' dir='ltr'><strong>propositione</strong></span> <span class='ocrx_word' id='word_1_35' title='bbox 709 1017 854 1088; x_wconf 85' lang='lat' dir='ltr'><strong>vidimus</strong></span> <span class='ocrx_word' id='word_1_36' title='bbox 868 1021 904 1088; x_wconf 92' lang='lat' dir='ltr'><strong>S.</strong></span> <span class='ocrx_word' id='word_1_37' title='bbox 922 1019 1025 1090; x_wconf 85' lang='lat' dir='ltr'>Pium</span> <span class='ocrx_word' id='word_1_38' title='bbox 1045 1023 1081 1091; x_wconf 85' lang='lat' dir='ltr'><strong>V</strong></span> <span class='ocrx_word' id='word_1_39' title='bbox 1099 1045 1160 1090; x_wconf 86' lang='lat' dir='ltr'><strong>sua</strong></span> <span class='ocrx_word' id='word_1_40' title='bbox 1176 1019 1340 1092; x_wconf 72' lang='lat' dir='ltr'>direxisse</span> 
     </span>
     <span class='ocr_line' id='line_1_7' title="bbox 210 1131 1341 1231; baseline 0.002 -26"><span class='ocrx_word' id='word_1_41' title='bbox 210 1137 346 1206; x_wconf 59' lang='lat' dir='ltr'><strong>decreta</strong></span> <span class='ocrx_word' id='word_1_42' title='bbox 359 1136 403 1206; x_wconf 80' lang='lat' dir='ltr'><strong>ud</strong></span> <span class='ocrx_word' id='word_1_43' title='bbox 420 1135 577 1206; x_wconf 85' lang='lat' dir='ltr'><strong>ecclesias</strong></span> <span class='ocrx_word' id='word_1_44' title='bbox 595 1135 761 1205; x_wconf 80' lang='lat' dir='ltr'><strong>duntaxat</strong></span> <span class='ocrx_word' id='word_1_45' title='bbox 785 1136 823 1204; x_wconf 81' lang='lat' dir='ltr'><strong>t&#39;n</strong></span> <span class='ocrx_word' id='word_1_46' title='bbox 843 1133 974 1231; x_wconf 81' lang='lat' dir='ltr'><strong>qru&#39;bus</strong></span> <span class='ocrx_word' id='word_1_47' title='bbox 997 1131 1158 1228; x_wconf 78' lang='lat' dir='ltr'><strong>officium</strong></span> <span class='ocrx_word' id='word_1_48' title='bbox 1180 1163 1228 1206; x_wconf 74' lang='lat' dir='ltr'><strong>eu</strong></span> <span class='ocrx_word' id='word_1_49' title='bbox 1243 1161 1341 1208; x_wconf 83' lang='lat' dir='ltr'><strong>motu</strong></span> 
     </span>
     <span class='ocr_line' id='line_1_8' title="bbox 163 1247 1341 1323; baseline 0.002 -3"><span class='ocrx_word' id='word_1_50' title='bbox 163 1311 167 1320; x_wconf 94' lang='lat'>.</span> <span class='ocrx_word' id='word_1_51' title='bbox 209 1269 247 1323; x_wconf 85' lang='lat' dir='ltr'><strong>et</strong></span> <span class='ocrx_word' id='word_1_52' title='bbox 273 1253 343 1321; x_wconf 86' lang='lat' dir='ltr'><strong>ritu</strong></span> <span class='ocrx_word' id='word_1_53' title='bbox 367 1257 535 1322; x_wconf 67' lang='lat' dir='ltr'><strong>Romnum</strong></span> <span class='ocrx_word' id='word_1_54' title='bbox 562 1249 732 1320; x_wconf 75' lang='lat' dir='ltr'><strong>Ecclesiae</strong></span> <span class='ocrx_word' id='word_1_55' title='bbox 753 1247 827 1320; x_wconf 78' lang='lat' dir='ltr'><strong>dici</strong></span> <span class='ocrx_word' id='word_1_56' title='bbox 844 1247 948 1320; x_wconf 78' lang='lat' dir='ltr'><strong>debet</strong></span> <span class='ocrx_word' id='word_1_57' title='bbox 963 1265 1028 1320; x_wconf 85' lang='lat' dir='ltr'><strong>aut</strong></span> <span class='ocrx_word' id='word_1_58' title='bbox 1045 1254 1283 1322; x_wconf 75' lang='lat' dir='ltr'><strong>musuevit-</strong></span> <span class='ocrx_word' id='word_1_59' title='bbox 1302 1255 1341 1322; x_wconf 81' lang='lat' dir='ltr'><strong>iu</strong></span> 
     </span>
     <span class='ocr_line' id='line_1_9' title="bbox 211 1364 1345 1466; baseline 0.001 -30"><span class='ocrx_word' id='word_1_60' title='bbox 211 1366 337 1466; x_wconf 81' lang='lat' dir='ltr'><strong>quibus</strong></span> <span class='ocrx_word' id='word_1_61' title='bbox 364 1368 476 1436; x_wconf 82' lang='lat' dir='ltr'><strong>missu</strong></span> <span class='ocrx_word' id='word_1_62' title='bbox 497 1365 611 1458; x_wconf 77' lang='lat' dir='ltr'><strong>juxta</strong></span> <span class='ocrx_word' id='word_1_63' title='bbox 633 1364 804 1435; x_wconf 64' lang='lat' dir='ltr'><strong>Ecclesiae</strong></span> <span class='ocrx_word' id='word_1_64' title='bbox 835 1370 1003 1436; x_wconf 79' lang='lat' dir='ltr'><strong>Roumuae</strong></span> <span class='ocrx_word' id='word_1_65' title='bbox 1029 1369 1135 1436; x_wconf 77' lang='lat' dir='ltr'><strong>titum</strong></span> <span class='ocrx_word' id='word_1_66' title='bbox 1167 1365 1345 1437; x_wconf 75' lang='lat' dir='ltr'><strong>celebrari</strong></span> 
     </span>
     <span class='ocr_line' id='line_1_10' title="bbox 213 1477 1341 1575; baseline 0 -24"><span class='ocrx_word' id='word_1_67' title='bbox 213 1479 467 1551; x_wconf 69' lang='lat' dir='ltr'><strong>mnsom&#39;toet</strong></span> <span class='ocrx_word' id='word_1_68' title='bbox 480 1477 611 1548; x_wconf 77' lang='lat' dir='ltr'><strong>elehel:</strong></span> <span class='ocrx_word' id='word_1_69' title='bbox 632 1479 666 1547; x_wconf 91' lang='lat' dir='ltr'><strong>in</strong></span> <span class='ocrx_word' id='word_1_70' title='bbox 686 1478 834 1548; x_wconf 80' lang='lat' dir='ltr'><strong>secunda</strong></span> <span class='ocrx_word' id='word_1_71' title='bbox 858 1504 938 1548; x_wconf 77' lang='lat' dir='ltr'><strong>varo</strong></span> <span class='ocrx_word' id='word_1_72' title='bbox 962 1479 1198 1575; x_wconf 78' lang='lat' dir='ltr'><strong>piupositione</strong></span> <span class='ocrx_word' id='word_1_73' title='bbox 1214 1481 1341 1574; x_wconf 84' lang='lat' dir='ltr'><strong>probu-</strong></span> 
     </span>
     <span class='ocr_line' id='line_1_11' title="bbox 212 1594 1341 1690; baseline 0.003 -27"><span class='ocrx_word' id='word_1_74' title='bbox 212 1597 323 1666; x_wconf 81' lang='lat' dir='ltr'>vimus</span> <span class='ocrx_word' id='word_1_75' title='bbox 341 1599 407 1666; x_wconf 90' lang='lat' dir='ltr'><strong>hoc</strong></span> <span class='ocrx_word' id='word_1_76' title='bbox 426 1596 562 1664; x_wconf 85' lang='lat' dir='ltr'><strong>nomine</strong></span> <span class='ocrx_word' id='word_1_77' title='bbox 574 1621 596 1664; x_wconf 87' lang='lat' dir='ltr'><strong>a</strong></span> <span class='ocrx_word' id='word_1_78' title='bbox 615 1597 650 1664; x_wconf 90' lang='lat' dir='ltr'><strong>S.</strong></span> <span class='ocrx_word' id='word_1_79' title='bbox 674 1595 736 1664; x_wconf 68' lang='lat'><strong>1¹50</strong></span> <span class='ocrx_word' id='word_1_80' title='bbox 752 1598 786 1663; x_wconf 89' lang='lat' dir='ltr'>V</span> <span class='ocrx_word' id='word_1_81' title='bbox 800 1594 943 1690; x_wconf 77' lang='lat' dir='ltr'><strong>intelligi</strong></span> <span class='ocrx_word' id='word_1_82' title='bbox 964 1621 1020 1664; x_wconf 83' lang='lat' dir='ltr'><strong>eos</strong></span> <span class='ocrx_word' id='word_1_83' title='bbox 1040 1619 1159 1664; x_wconf 77' lang='lat' dir='ltr'><strong>ornnes</strong></span> <span class='ocrx_word' id='word_1_84' title='bbox 1182 1595 1341 1666; x_wconf 80' lang='lat' dir='ltr'><strong>ecclesias</strong></span> 
     </span>
     <span class='ocr_line' id='line_1_12' title="bbox 212 1708 1342 1808; baseline 0.002 -28"><span class='ocrx_word' id='word_1_85' title='bbox 212 1737 288 1806; x_wconf 81' lang='lat' dir='ltr'><strong>quae</strong></span> <span class='ocrx_word' id='word_1_86' title='bbox 312 1712 483 1806; x_wconf 80' lang='lat' dir='ltr'>liturgiam</span> <span class='ocrx_word' id='word_1_87' title='bbox 505 1715 669 1778; x_wconf 69' lang='lat' dir='ltr'><strong>Romana</strong></span> <span class='ocrx_word' id='word_1_88' title='bbox 690 1708 846 1780; x_wconf 74' lang='lat' dir='ltr'><strong>Ecclesiae</strong></span> <span class='ocrx_word' id='word_1_89' title='bbox 864 1709 1048 1808; x_wconf 77' lang='lat' dir='ltr'><strong>aisqrundo</strong></span> <span class='ocrx_word' id='word_1_90' title='bbox 1071 1727 1288 1804; x_wconf 78' lang='lat' dir='ltr'>acceperant,</span> <span class='ocrx_word' id='word_1_91' title='bbox 1307 1727 1342 1782; x_wconf 59' lang='lat' dir='ltr'>a</span> 
     </span>
     <span class='ocr_line' id='line_1_13' title="bbox 213 1823 1343 1920; baseline 0 -24"><span class='ocrx_word' id='word_1_92' title='bbox 213 1827 369 1896; x_wconf 81' lang='lat' dir='ltr'><strong>eumdem</strong></span> <span class='ocrx_word' id='word_1_93' title='bbox 392 1825 508 1920; x_wconf 87' lang='lat' dir='ltr'><strong>quoad</strong></span> <span class='ocrx_word' id='word_1_94' title='bbox 527 1825 750 1896; x_wconf 74' lang='lat' dir='ltr'><strong>substantiam</strong></span> <span class='ocrx_word' id='word_1_95' title='bbox 771 1824 904 1919; x_wconf 86' lang='lat' dir='ltr'><strong>(multis</strong></span> <span class='ocrx_word' id='word_1_96' title='bbox 923 1823 1001 1894; x_wconf 78' lang='lat' dir='ltr'><strong>licet</strong></span> <span class='ocrx_word' id='word_1_97' title='bbox 1018 1825 1142 1896; x_wconf 84' lang='lat' dir='ltr'><strong>additis</strong></span> <span class='ocrx_word' id='word_1_98' title='bbox 1162 1841 1197 1894; x_wconf 81' lang='lat' dir='ltr'><strong>et</strong></span> <span class='ocrx_word' id='word_1_99' title='bbox 1213 1825 1343 1896; x_wconf 87' lang='lat' dir='ltr'><strong>immu-</strong></span> 
     </span>
     <span class='ocr_line' id='line_1_14' title="bbox 213 1939 1343 2036; baseline -0.002 -24"><span class='ocrx_word' id='word_1_100' title='bbox 213 1941 318 2036; x_wconf 87' lang='lat' dir='ltr'><strong>tatis),</strong></span> <span class='ocrx_word' id='word_1_101' title='bbox 337 1942 550 2029; x_wconf 81' lang='lat' dir='ltr'><strong>retinebant3</strong></span> <span class='ocrx_word' id='word_1_102' title='bbox 567 1939 684 2035; x_wconf 89' lang='lat' dir='ltr'><strong>quales</strong></span> <span class='ocrx_word' id='word_1_103' title='bbox 707 1955 806 2011; x_wconf 79' lang='lat' dir='ltr'><strong>erant</strong></span> <span class='ocrx_word' id='word_1_104' title='bbox 820 1954 904 2009; x_wconf 85' lang='lat' dir='ltr'><strong>tuuc</strong></span> <span class='ocrx_word' id='word_1_105' title='bbox 926 1940 1089 2034; x_wconf 81' lang='lat' dir='ltr'><strong>temporis</strong></span> <span class='ocrx_word' id='word_1_106' title='bbox 1109 1965 1227 2009; x_wconf 84' lang='lat' dir='ltr'><strong>omnes</strong></span> <span class='ocrx_word' id='word_1_107' title='bbox 1243 1967 1343 2036; x_wconf 79' lang='lat' dir='ltr'><strong>gene·</strong></span> 
     </span>
     <span class='ocr_line' id='line_1_15' title="bbox 213 2055 1340 2156; baseline -0.003 -27"><span class='ocrx_word' id='word_1_108' title='bbox 213 2059 315 2129; x_wconf 81' lang='lat' dir='ltr'><strong>ratim</strong></span> <span class='ocrx_word' id='word_1_109' title='bbox 331 2056 555 2128; x_wconf 84' lang='lat' dir='ltr'><strong>occidemales</strong></span> <span class='ocrx_word' id='word_1_110' title='bbox 567 2056 726 2142; x_wconf 65' lang='lat' dir='ltr'><strong>ecclesis,</strong></span> <span class='ocrx_word' id='word_1_111' title='bbox 739 2057 889 2156; x_wconf 77' lang='lat' dir='ltr'><strong>exeeptis</strong></span> <span class='ocrx_word' id='word_1_112' title='bbox 906 2081 984 2150; x_wconf 81' lang='lat' dir='ltr'><strong>quae</strong></span> <span class='ocrx_word' id='word_1_113' title='bbox 1005 2055 1088 2124; x_wconf 88' lang='lat' dir='ltr'><strong>ritui</strong></span> <span class='ocrx_word' id='word_1_114' title='bbox 1111 2057 1340 2126; x_wconf 75' lang='lat' dir='ltr'><strong>Ambrosiano</strong></span> 
     </span>
     <span class='ocr_line' id='line_1_16' title="bbox 213 2171 1342 2266; baseline -0.003 -20"><span class='ocrx_word' id='word_1_115' title='bbox 213 2190 248 2246; x_wconf 84' lang='lat' dir='ltr'><strong>et</strong></span> <span class='ocrx_word' id='word_1_116' title='bbox 271 2174 488 2245; x_wconf 85' lang='lat' dir='ltr'><strong>Mozambico</strong></span> <span class='ocrx_word' id='word_1_117' title='bbox 513 2172 771 2242; x_wconf 78' lang='lat' dir='ltr'><strong>addicebantur.</strong></span> <span class='ocrx_word' id='word_1_118' title='bbox 799 2175 849 2242; x_wconf 81' lang='lat' dir='ltr'><strong>Ex</strong></span> <span class='ocrx_word' id='word_1_119' title='bbox 869 2171 949 2266; x_wconf 83' lang='lat' dir='ltr'><strong>jure</strong></span> <span class='ocrx_word' id='word_1_120' title='bbox 976 2172 1166 2258; x_wconf 87' lang='lat' dir='ltr'><strong>communi,</strong></span> <span class='ocrx_word' id='word_1_121' title='bbox 1192 2172 1342 2243; x_wconf 76' lang='lat' dir='ltr'><strong>ecclesiae</strong></span> 
     </span>
     <span class='ocr_line' id='line_1_17' title="bbox 212 2285 1342 2384; baseline 0 -26"><span class='ocrx_word' id='word_1_122' title='bbox 212 2288 282 2360; x_wconf 83' lang='lat' dir='ltr'><strong>illae</strong></span> <span class='ocrx_word' id='word_1_123' title='bbox 303 2315 372 2358; x_wconf 92' lang='lat' dir='ltr'><strong>non</strong></span> <span class='ocrx_word' id='word_1_124' title='bbox 396 2301 553 2384; x_wconf 85' lang='lat' dir='ltr'><strong>poterant</strong></span> <span class='ocrx_word' id='word_1_125' title='bbox 574 2286 750 2383; x_wconf 77' lang='lat' dir='ltr'><strong>bturgism</strong></span> <span class='ocrx_word' id='word_1_126' title='bbox 775 2285 932 2356; x_wconf 74' lang='lat' dir='ltr'><strong>Ecclesiae</strong></span> <span class='ocrx_word' id='word_1_127' title='bbox 952 2291 1117 2358; x_wconf 82' lang='lat' dir='ltr'><strong>Romanae</strong></span> <span class='ocrx_word' id='word_1_128' title='bbox 1137 2288 1185 2357; x_wconf 88' lang='lat' dir='ltr'><strong>sic</strong></span> <span class='ocrx_word' id='word_1_129' title='bbox 1205 2286 1342 2358; x_wconf 83' lang='lat' dir='ltr'><strong>intelle-</strong></span> 
     </span>
     <span class='ocr_line' id='line_1_18' title="bbox 213 2402 1343 2497; baseline -0.002 -23"><span class='ocrx_word' id='word_1_130' title='bbox 213 2420 304 2474; x_wconf 86' lang='lat' dir='ltr'><strong>ctam</strong></span> <span class='ocrx_word' id='word_1_131' title='bbox 330 2404 496 2490; x_wconf 75' lang='lat' dir='ltr'><strong>deserere,</strong></span> <span class='ocrx_word' id='word_1_132' title='bbox 522 2402 690 2497; x_wconf 84' lang='lat' dir='ltr'><strong>siquidem</strong></span> <span class='ocrx_word' id='word_1_133' title='bbox 712 2405 747 2472; x_wconf 87' lang='lat' dir='ltr'><strong>S.</strong></span> <span class='ocrx_word' id='word_1_134' title='bbox 766 2403 846 2472; x_wconf 80' lang='lat' dir='ltr'><strong>Pius</strong></span> <span class='ocrx_word' id='word_1_135' title='bbox 863 2405 895 2472; x_wconf 87' lang='lat' dir='ltr'>V</span> <span class='ocrx_word' id='word_1_136' title='bbox 915 2402 1078 2497; x_wconf 73' lang='lat' dir='ltr'><strong>expressis</strong></span> <span class='ocrx_word' id='word_1_137' title='bbox 1097 2403 1207 2471; x_wconf 82' lang='lat' dir='ltr'><strong>verbis</strong></span> <span class='ocrx_word' id='word_1_138' title='bbox 1227 2429 1343 2472; x_wconf 82' lang='lat' dir='ltr'><strong>enun-</strong></span> 
     </span>
     <span class='ocr_line' id='line_1_19' title="bbox 213 2517 1342 2612; baseline -0.004 -22"><span class='ocrx_word' id='word_1_139' title='bbox 213 2521 277 2590; x_wconf 85' lang='lat' dir='ltr'><strong>tiat</strong></span> <span class='ocrx_word' id='word_1_140' title='bbox 299 2547 339 2590; x_wconf 85' lang='lat' dir='ltr'><strong>ex</strong></span> <span class='ocrx_word' id='word_1_141' title='bbox 354 2521 432 2612; x_wconf 77' lang='lat' dir='ltr'><strong>juro</strong></span> <span class='ocrx_word' id='word_1_142' title='bbox 447 2518 501 2588; x_wconf 79' lang='lat' dir='ltr'><strong>vel</strong></span> <span class='ocrx_word' id='word_1_143' title='bbox 526 2518 774 2588; x_wconf 79' lang='lat' dir='ltr'><strong>consuetudine</strong></span> <span class='ocrx_word' id='word_1_144' title='bbox 790 2517 895 2588; x_wconf 77' lang='lat' dir='ltr'><strong>tuisse</strong></span> <span class='ocrx_word' id='word_1_145' title='bbox 915 2521 1074 2588; x_wconf 72' lang='lat' dir='ltr'><strong>Romarm</strong></span> <span class='ocrx_word' id='word_1_146' title='bbox 1093 2517 1175 2586; x_wconf 87' lang='lat' dir='ltr'><strong>ritui</strong></span> <span class='ocrx_word' id='word_1_147' title='bbox 1197 2533 1232 2588; x_wconf 82' lang='lat' dir='ltr'><strong>ut</strong></span> <span class='ocrx_word' id='word_1_148' title='bbox 1254 2519 1342 2588; x_wconf 87' lang='lat' dir='ltr'><strong>mori</strong></span> 
     </span>
     <span class='ocr_line' id='line_1_20' title="bbox 213 2632 1394 2729; baseline -0.001 -26"><span class='ocrx_word' id='word_1_149' title='bbox 213 2635 328 2729; x_wconf 86' lang='lat' dir='ltr'><strong>quoad</strong></span> <span class='ocrx_word' id='word_1_150' title='bbox 346 2635 484 2703; x_wconf 83' lang='lat' dir='ltr'><strong>missam</strong></span> <span class='ocrx_word' id='word_1_151' title='bbox 501 2649 535 2702; x_wconf 85' lang='lat' dir='ltr'><strong>et</strong></span> <span class='ocrx_word' id='word_1_152' title='bbox 549 2632 700 2702; x_wconf 84' lang='lat' dir='ltr'><strong>offinium</strong></span> <span class='ocrx_word' id='word_1_153' title='bbox 715 2632 893 2702; x_wconf 87' lang='lat' dir='ltr'><strong>adstrictas</strong></span> <span class='ocrx_word' id='word_1_154' title='bbox 909 2659 919 2702; x_wconf 76' lang='grc' dir='ltr'><strong><em>ε</em></strong></span> <span class='ocrx_word' id='word_1_155' title='bbox 934 2635 1003 2702; x_wconf 91' lang='lat' dir='ltr'><strong>imo</strong></span> <span class='ocrx_word' id='word_1_156' title='bbox 1025 2633 1162 2702; x_wconf 88' lang='lat' dir='ltr'><strong>nonnisi</strong></span> <span class='ocrx_word' id='word_1_157' title='bbox 1178 2633 1222 2701; x_wconf 82' lang='lat' dir='ltr'><strong>ud</strong></span> <span class='ocrx_word' id='word_1_158' title='bbox 1234 2632 1342 2702; x_wconf 83' lang='lat' dir='ltr'><strong>ecclo-</strong></span> <span class='ocrx_word' id='word_1_159' title='bbox 1391 2663 1394 2670; x_wconf 63' lang='lat'><strong><em>¹</em></strong></span> 
     </span>
     <span class='ocr_line' id='line_1_21' title="bbox 214 2745 1341 2818; baseline -0.002 0"><span class='ocrx_word' id='word_1_160' title='bbox 214 2751 280 2818; x_wconf 85' lang='lat' dir='ltr'><strong>sias</strong></span> <span class='ocrx_word' id='word_1_161' title='bbox 294 2745 342 2818; x_wconf 83' lang='lat' dir='ltr'><strong>sic</strong></span> <span class='ocrx_word' id='word_1_162' title='bbox 361 2748 539 2818; x_wconf 80' lang='lat' dir='ltr'><strong>adstrictos</strong></span> <span class='ocrx_word' id='word_1_163' title='bbox 555 2772 615 2816; x_wconf 91' lang='lat' dir='ltr'><strong>sua</strong></span> <span class='ocrx_word' id='word_1_164' title='bbox 634 2747 769 2815; x_wconf 83' lang='lat' dir='ltr'><strong>decreta</strong></span> <span class='ocrx_word' id='word_1_165' title='bbox 789 2747 833 2816; x_wconf 87' lang='lat' dir='ltr'><strong>de</strong></span> <span class='ocrx_word' id='word_1_166' title='bbox 852 2771 941 2816; x_wconf 81' lang='lat' dir='ltr'><strong>noso</strong></span> <span class='ocrx_word' id='word_1_167' title='bbox 961 2747 1137 2817; x_wconf 80' lang='lat' dir='ltr'><strong>breviario</strong></span> <span class='ocrx_word' id='word_1_168' title='bbox 1158 2761 1193 2816; x_wconf 84' lang='lat' dir='ltr'><strong>et</strong></span> <span class='ocrx_word' id='word_1_169' title='bbox 1213 2747 1341 2818; x_wconf 77' lang='lat' dir='ltr'>missali</span> 
     </span>
     <span class='ocr_line' id='line_1_22' title="bbox 214 2861 1343 2958; baseline -0.002 -24"><span class='ocrx_word' id='word_1_170' title='bbox 214 2864 344 2958; x_wconf 69' lang='lat' dir='ltr'><strong>(Erigit.</strong></span> <span class='ocrx_word' id='word_1_171' title='bbox 363 2867 455 2934; x_wconf 86' lang='lat' dir='ltr'><strong>Dum</strong></span> <span class='ocrx_word' id='word_1_172' title='bbox 477 2887 560 2957; x_wconf 86' lang='lat' dir='ltr'><strong>ergo</strong></span> <span class='ocrx_word' id='word_1_173' title='bbox 572 2861 705 2956; x_wconf 83' lang='lat' dir='ltr'><strong>aliquas</strong></span> <span class='ocrx_word' id='word_1_174' title='bbox 725 2887 769 2930; x_wconf 82' lang='lat' dir='ltr'><strong>ex</strong></span> <span class='ocrx_word' id='word_1_175' title='bbox 787 2861 855 2932; x_wconf 87' lang='lat' dir='ltr'><strong>illis</strong></span> <span class='ocrx_word' id='word_1_176' title='bbox 877 2861 1028 2932; x_wconf 76' lang='lat' dir='ltr'><strong>eeclesiis</strong></span> <span class='ocrx_word' id='word_1_177' title='bbox 1047 2864 1087 2931; x_wconf 89' lang='lat' dir='ltr'><strong>in</strong></span> <span class='ocrx_word' id='word_1_178' title='bbox 1104 2887 1170 2932; x_wconf 89' lang='lat' dir='ltr'><strong>suo</strong></span> <span class='ocrx_word' id='word_1_179' title='bbox 1187 2878 1279 2933; x_wconf 86' lang='lat' dir='ltr'><strong>statu</strong></span> <span class='ocrx_word' id='word_1_180' title='bbox 1297 2862 1343 2932; x_wconf 81' lang='lat' dir='ltr'><strong>lr-</strong></span> 
     </span>
     <span class='ocr_line' id='line_1_23' title="bbox 212 2977 1343 3077; baseline -0.002 -27"><span class='ocrx_word' id='word_1_181' title='bbox 212 2982 350 3077; x_wconf 84' lang='lat' dir='ltr'><strong>turgico</strong></span> <span class='ocrx_word' id='word_1_182' title='bbox 368 2979 543 3075; x_wconf 73' lang='lat' dir='ltr'><strong>relinquit,</strong></span> <span class='ocrx_word' id='word_1_183' title='bbox 562 3001 650 3048; x_wconf 76' lang='lat' dir='ltr'><strong>easa</strong></span> <span class='ocrx_word' id='word_1_184' title='bbox 667 3001 758 3045; x_wconf 84' lang='lat' dir='ltr'><strong>novo</strong></span> <span class='ocrx_word' id='word_1_185' title='bbox 776 2977 944 3046; x_wconf 76' lang='lat' dir='ltr'><strong>breviario</strong></span> <span class='ocrx_word' id='word_1_186' title='bbox 957 2977 1128 3048; x_wconf 70' lang='lat' dir='ltr'><strong>etmissub</strong></span> <span class='ocrx_word' id='word_1_187' title='bbox 1140 2978 1343 3052; x_wconf 79' lang='lat' dir='ltr'><strong>assumendo</strong></span> 
     </span>
     <span class='ocr_line' id='line_1_24' title="bbox 214 3091 1343 3189; baseline -0.001 -26"><span class='ocrx_word' id='word_1_188' title='bbox 214 3097 378 3182; x_wconf 80' lang='lat' dir='ltr'><strong>eximens,</strong></span> <span class='ocrx_word' id='word_1_189' title='bbox 396 3095 453 3188; x_wconf 82' lang='lat' dir='ltr'><strong>jus</strong></span> <span class='ocrx_word' id='word_1_190' title='bbox 469 3117 650 3162; x_wconf 83' lang='lat' dir='ltr'><strong>commuue</strong></span> <span class='ocrx_word' id='word_1_191' title='bbox 669 3092 784 3188; x_wconf 87' lang='lat' dir='ltr'><strong>quoad</strong></span> <span class='ocrx_word' id='word_1_192' title='bbox 803 3091 877 3162; x_wconf 84' lang='lat' dir='ltr'><strong>illas</strong></span> <span class='ocrx_word' id='word_1_193' title='bbox 897 3119 968 3162; x_wconf 86' lang='lat' dir='ltr'><strong>non</strong></span> <span class='ocrx_word' id='word_1_194' title='bbox 987 3095 1157 3164; x_wconf 82' lang='lat' dir='ltr'><strong>immutat.</strong></span> <span class='ocrx_word' id='word_1_195' title='bbox 1179 3097 1284 3189; x_wconf 77' lang='lat' dir='ltr'><strong>Ergo,</strong></span> <span class='ocrx_word' id='word_1_196' title='bbox 1298 3096 1343 3162; x_wconf 88' lang='lat' dir='ltr'><strong>si-</strong></span> 
     </span>
     <span class='ocr_line' id='line_1_25' title="bbox 215 3207 1344 3304; baseline 0.001 -27"><span class='ocrx_word' id='word_1_197' title='bbox 215 3223 275 3277; x_wconf 84' lang='lat' dir='ltr'><strong>cut</strong></span> <span class='ocrx_word' id='word_1_198' title='bbox 292 3208 358 3278; x_wconf 74' lang='lat' dir='ltr'><strong>ittae</strong></span> <span class='ocrx_word' id='word_1_199' title='bbox 371 3207 518 3278; x_wconf 73' lang='lat' dir='ltr'><strong>ecclesiae</strong></span> <span class='ocrx_word' id='word_1_200' title='bbox 531 3234 550 3277; x_wconf 85' lang='lat' dir='ltr'><strong>a</strong></span> <span class='ocrx_word' id='word_1_201' title='bbox 565 3233 657 3278; x_wconf 80' lang='lat' dir='ltr'><strong>noso</strong></span> <span class='ocrx_word' id='word_1_202' title='bbox 676 3209 849 3280; x_wconf 74' lang='lat' dir='ltr'><strong>breviario</strong></span> <span class='ocrx_word' id='word_1_203' title='bbox 866 3223 901 3277; x_wconf 83' lang='lat' dir='ltr'><strong>et</strong></span> <span class='ocrx_word' id='word_1_204' title='bbox 922 3207 1049 3278; x_wconf 68' lang='lat' dir='ltr'><strong>missali</strong></span> <span class='ocrx_word' id='word_1_205' title='bbox 1064 3224 1243 3304; x_wconf 68' lang='lat' dir='ltr'><strong>sumptu,</strong></span> <span class='ocrx_word' id='word_1_206' title='bbox 1263 3223 1344 3279; x_wconf 80' lang='lat' dir='ltr'><strong>unta</strong></span> 
     </span>
     <span class='ocr_line' id='line_1_26' title="bbox 214 3323 1343 3422; baseline 0 -28"><span class='ocrx_word' id='word_1_207' title='bbox 214 3323 315 3395; x_wconf 87' lang='lat' dir='ltr'><strong>Pium</strong></span> <span class='ocrx_word' id='word_1_208' title='bbox 332 3327 366 3392; x_wconf 78' lang='lat' dir='ltr'><strong>V</strong></span> <span class='ocrx_word' id='word_1_209' title='bbox 382 3323 681 3418; x_wconf 75' lang='lat' dir='ltr'><strong>adstringebantur</strong></span> <span class='ocrx_word' id='word_1_210' title='bbox 700 3323 850 3422; x_wconf 70' lang='lat' dir='ltr'><strong>liturgiae</strong></span> <span class='ocrx_word' id='word_1_211' title='bbox 877 3323 1045 3396; x_wconf 77' lang='lat' dir='ltr'><strong>Ecclesiae</strong></span> <span class='ocrx_word' id='word_1_212' title='bbox 1064 3330 1237 3396; x_wconf 71' lang='lat' dir='ltr'><strong>Romanae</strong></span> <span class='ocrx_word' id='word_1_213' title='bbox 1258 3349 1343 3420; x_wconf 69' lang='lat' dir='ltr'><strong>pras·</strong></span> 
     </span>
     <span class='ocr_line' id='line_1_27' title="bbox 214 3437 1342 3539; baseline 0.003 -32"><span class='ocrx_word' id='word_1_214' title='bbox 214 3439 286 3508; x_wconf 76' lang='lat' dir='ltr'><strong>luto</strong></span> <span class='ocrx_word' id='word_1_215' title='bbox 301 3463 402 3507; x_wconf 75' lang='lat' dir='ltr'><strong>sensu</strong></span> <span class='ocrx_word' id='word_1_216' title='bbox 417 3437 609 3528; x_wconf 66' lang='lat' dir='ltr'><strong>intellecta,</strong></span> <span class='ocrx_word' id='word_1_217' title='bbox 629 3441 689 3528; x_wconf 87' lang='lat' dir='ltr'><strong>ita,</strong></span> <span class='ocrx_word' id='word_1_218' title='bbox 709 3455 743 3509; x_wconf 87' lang='lat' dir='ltr'><strong>ot</strong></span> <span class='ocrx_word' id='word_1_219' title='bbox 767 3464 829 3509; x_wconf 79' lang='lat' dir='ltr'><strong>nea</strong></span> <span class='ocrx_word' id='word_1_220' title='bbox 850 3438 928 3533; x_wconf 88' lang='lat' dir='ltr'><strong>plus</strong></span> <span class='ocrx_word' id='word_1_221' title='bbox 949 3465 1013 3510; x_wconf 84' lang='lat' dir='ltr'><strong>nec</strong></span> <span class='ocrx_word' id='word_1_222' title='bbox 1036 3442 1162 3528; x_wconf 89' lang='lat' dir='ltr'><strong>miuus,</strong></span> <span class='ocrx_word' id='word_1_223' title='bbox 1184 3455 1262 3539; x_wconf 77' lang='lat' dir='ltr'><strong>post</strong></span> <span class='ocrx_word' id='word_1_224' title='bbox 1280 3441 1342 3510; x_wconf 86' lang='lat' dir='ltr'><strong>de·</strong></span> 
     </span>
     <span class='ocr_line' id='line_1_28' title="bbox 214 3554 1343 3648; baseline 0 -24"><span class='ocrx_word' id='word_1_225' title='bbox 214 3569 308 3624; x_wconf 82' lang='lat' dir='ltr'><strong>creta</strong></span> <span class='ocrx_word' id='word_1_226' title='bbox 333 3556 440 3624; x_wconf 82' lang='lat' dir='ltr'><strong>Pinna</strong></span> <span class='ocrx_word' id='word_1_227' title='bbox 461 3554 630 3624; x_wconf 75' lang='lat' dir='ltr'><strong>adstrictae</strong></span> <span class='ocrx_word' id='word_1_228' title='bbox 651 3570 897 3626; x_wconf 74' lang='lat' dir='ltr'><strong>remanserunt.</strong></span> <span class='ocrx_word' id='word_1_229' title='bbox 916 3559 1007 3648; x_wconf 76' lang='lat' dir='ltr'><strong>Ergo</strong></span> <span class='ocrx_word' id='word_1_230' title='bbox 1033 3556 1122 3625; x_wconf 86' lang='lat' dir='ltr'><strong>sicut</strong></span> <span class='ocrx_word' id='word_1_231' title='bbox 1145 3569 1245 3624; x_wconf 79' lang='lat' dir='ltr'><strong>antea</strong></span> <span class='ocrx_word' id='word_1_232' title='bbox 1270 3581 1343 3624; x_wconf 87' lang='lat' dir='ltr'><strong>non</strong></span> 
     </span>
     <span class='ocr_line' id='line_1_29' title="bbox 215 3668 1344 3764; baseline 0.002 -26"><span class='ocrx_word' id='word_1_233' title='bbox 215 3669 408 3764; x_wconf 83' lang='lat' dir='ltr'><strong>potuissent</strong></span> <span class='ocrx_word' id='word_1_234' title='bbox 428 3693 526 3739; x_wconf 88' lang='lat' dir='ltr'><strong>suam</strong></span> <span class='ocrx_word' id='word_1_235' title='bbox 550 3668 734 3764; x_wconf 79' lang='lat' dir='ltr'><strong>liturgiam,</strong></span> <span class='ocrx_word' id='word_1_236' title='bbox 762 3684 881 3764; x_wconf 83' lang='lat' dir='ltr'><strong>utpote</strong></span> <span class='ocrx_word' id='word_1_237' title='bbox 907 3674 1098 3740; x_wconf 74' lang='lat' dir='ltr'><strong>Romanam</strong></span> <span class='ocrx_word' id='word_1_238' title='bbox 1124 3670 1239 3764; x_wconf 78' lang='lat' dir='ltr'><strong>quoad</strong></span> <span class='ocrx_word' id='word_1_239' title='bbox 1263 3671 1344 3740; x_wconf 84' lang='lat' dir='ltr'><strong>sub-</strong></span> 
     </span>
     <span class='ocr_line' id='line_1_30' title="bbox 214 3783 1344 3882; baseline 0.004 -30"><span class='ocrx_word' id='word_1_240' title='bbox 214 3783 397 3870; x_wconf 62' lang='lat' dir='ltr'><strong>stantiam,</strong></span> <span class='ocrx_word' id='word_1_241' title='bbox 417 3783 583 3868; x_wconf 62' lang='lat' dir='ltr'><strong>daem,</strong></span> <span class='ocrx_word' id='word_1_242' title='bbox 599 3783 657 3854; x_wconf 80' lang='lat' dir='ltr'><strong>sed</strong></span> <span class='ocrx_word' id='word_1_243' title='bbox 673 3799 806 3854; x_wconf 83' lang='lat' dir='ltr'><strong>tantum</strong></span> <span class='ocrx_word' id='word_1_244' title='bbox 820 3809 895 3856; x_wconf 78' lang='lat' dir='ltr'><strong>eam</strong></span> <span class='ocrx_word' id='word_1_245' title='bbox 914 3786 1149 3854; x_wconf 86' lang='lat' dir='ltr'><strong>inmiuoribus</strong></span> <span class='ocrx_word' id='word_1_246' title='bbox 1171 3786 1344 3882; x_wconf 80' lang='lat' dir='ltr'><strong>corrigere</strong></span> 
     </span>
     <span class='ocr_line' id='line_1_31' title="bbox 215 3899 1344 3995; baseline 0.004 -27"><span class='ocrx_word' id='word_1_247' title='bbox 215 3913 251 3968; x_wconf 86' lang='lat' dir='ltr'><strong>et</strong></span> <span class='ocrx_word' id='word_1_248' title='bbox 263 3900 456 3990; x_wconf 77' lang='lat' dir='ltr'><strong>immutare,</strong></span> <span class='ocrx_word' id='word_1_249' title='bbox 470 3901 517 3970; x_wconf 87' lang='lat' dir='ltr'><strong>ita</strong></span> <span class='ocrx_word' id='word_1_250' title='bbox 532 3915 609 3995; x_wconf 88' lang='lat' dir='ltr'><strong>post</strong></span> <span class='ocrx_word' id='word_1_251' title='bbox 619 3899 728 3972; x_wconf 82' lang='lat' dir='ltr'><strong>bullas</strong></span> <span class='ocrx_word' id='word_1_252' title='bbox 745 3903 784 3974; x_wconf 83' lang='lat' dir='ltr'><strong>S.</strong></span> <span class='ocrx_word' id='word_1_253' title='bbox 798 3902 850 3971; x_wconf 80' lang='lat' dir='ltr'><strong>Pir</strong></span> <span class='ocrx_word' id='word_1_254' title='bbox 863 3905 896 3972; x_wconf 86' lang='lat' dir='ltr'><strong>V</strong></span> <span class='ocrx_word' id='word_1_255' title='bbox 905 3903 1067 3972; x_wconf 80' lang='lat' dir='ltr'><strong>remansit</strong></span> <span class='ocrx_word' id='word_1_256' title='bbox 1079 3917 1114 3971; x_wconf 81' lang='lat' dir='ltr'><strong>et</strong></span> <span class='ocrx_word' id='word_1_257' title='bbox 1127 3917 1282 3972; x_wconf 72' lang='lat' dir='ltr'><strong>tentasset</strong></span> <span class='ocrx_word' id='word_1_258' title='bbox 1292 3903 1344 3972; x_wconf 88' lang='lat' dir='ltr'><strong>eis</strong></span> 
     </span>
     <span class='ocr_line' id='line_1_32' title="bbox 216 4013 1345 4113; baseline 0.005 -31"><span class='ocrx_word' id='word_1_259' title='bbox 216 4015 392 4084; x_wconf 77' lang='lat' dir='ltr'><strong>dumtaxat</strong></span> <span class='ocrx_word' id='word_1_260' title='bbox 402 4013 458 4112; x_wconf 82' lang='lat' dir='ltr'><strong>jus</strong></span> <span class='ocrx_word' id='word_1_261' title='bbox 471 4015 567 4102; x_wconf 80' lang='lat' dir='ltr'><strong>illud,</strong></span> <span class='ocrx_word' id='word_1_262' title='bbox 589 4018 626 4086; x_wconf 90' lang='lat' dir='ltr'><strong>in</strong></span> <span class='ocrx_word' id='word_1_263' title='bbox 641 4043 712 4086; x_wconf 89' lang='lat' dir='ltr'><strong>non</strong></span> <span class='ocrx_word' id='word_1_264' title='bbox 729 4016 1007 4088; x_wconf 74' lang='lat' dir='ltr'><strong>substantialibus</strong></span> <span class='ocrx_word' id='word_1_265' title='bbox 1022 4017 1215 4113; x_wconf 81' lang='lat' dir='ltr'><strong>corrigendi</strong></span> <span class='ocrx_word' id='word_1_266' title='bbox 1228 4032 1264 4086; x_wconf 86' lang='lat' dir='ltr'><strong>et</strong></span> <span class='ocrx_word' id='word_1_267' title='bbox 1279 4018 1345 4088; x_wconf 83' lang='lat' dir='ltr'><strong>im-</strong></span> 
     </span>
     <span class='ocr_line' id='line_1_33' title="bbox 215 4129 1345 4222; baseline 0.003 -23"><span class='ocrx_word' id='word_1_268' title='bbox 215 4129 386 4216; x_wconf 68' lang='lat' dir='ltr'><strong>mutuum,</strong></span> <span class='ocrx_word' id='word_1_269' title='bbox 402 4155 471 4198; x_wconf 89' lang='lat' dir='ltr'><strong>nou</strong></span> <span class='ocrx_word' id='word_1_270' title='bbox 485 4156 566 4200; x_wconf 76' lang='lat' dir='ltr'><strong>vero</strong></span> <span class='ocrx_word' id='word_1_271' title='bbox 583 4131 773 4204; x_wconf 69' lang='lat' dir='ltr'><strong>(lustrandi.</strong></span> <span class='ocrx_word' id='word_1_272' title='bbox 794 4132 900 4222; x_wconf 83' lang='lat' dir='ltr'><strong>Quod</strong></span> <span class='ocrx_word' id='word_1_273' title='bbox 918 4132 1013 4202; x_wconf 79' lang='lat' dir='ltr'><strong>valdo</strong></span> <span class='ocrx_word' id='word_1_274' title='bbox 1027 4132 1278 4202; x_wconf 78' lang='lat' dir='ltr'><strong>attendendum</strong></span> <span class='ocrx_word' id='word_1_275' title='bbox 1292 4148 1345 4202; x_wconf 83' lang='lat' dir='ltr'><strong>est</strong></span> 
     </span>
     <span class='ocr_line' id='line_1_34' title="bbox 215 4243 1342 4344; baseline 0.001 -30"><span class='ocrx_word' id='word_1_276' title='bbox 215 4243 259 4315; x_wconf 86' lang='lat' dir='ltr'><strong>ad</strong></span> <span class='ocrx_word' id='word_1_277' title='bbox 280 4258 371 4314; x_wconf 79' lang='lat' dir='ltr'><strong>recte</strong></span> <span class='ocrx_word' id='word_1_278' title='bbox 382 4243 676 4316; x_wconf 84' lang='lat' dir='ltr'><strong>determinandum</strong></span> <span class='ocrx_word' id='word_1_279' title='bbox 696 4247 799 4316; x_wconf 82' lang='lat' dir='ltr'><strong>hodia</strong></span> <span class='ocrx_word' id='word_1_280' title='bbox 813 4248 871 4344; x_wconf 86' lang='lat' dir='ltr'><strong>jus</strong></span> <span class='ocrx_word' id='word_1_281' title='bbox 891 4271 1072 4316; x_wconf 82' lang='lat' dir='ltr'><strong>commune</strong></span> <span class='ocrx_word' id='word_1_282' title='bbox 1092 4246 1342 4344; x_wconf 82' lang='lat' dir='ltr'><strong>liturgicumiu</strong></span> 
     </span>
     <span class='ocr_line' id='line_1_35' title="bbox 215 4359 1343 4458; baseline 0.003 -30"><span class='ocrx_word' id='word_1_283' title='bbox 215 4361 256 4430; x_wconf 89' lang='lat' dir='ltr'><strong>iis</strong></span> <span class='ocrx_word' id='word_1_284' title='bbox 267 4359 427 4448; x_wconf 77' lang='lat' dir='ltr'><strong>eeclesiis,</strong></span> <span class='ocrx_word' id='word_1_285' title='bbox 440 4387 515 4456; x_wconf 74' lang='lat' dir='ltr'><strong>qua</strong></span> <span class='ocrx_word' id='word_1_286' title='bbox 526 4361 590 4432; x_wconf 90' lang='lat' dir='ltr'><strong>sub</strong></span> <span class='ocrx_word' id='word_1_287' title='bbox 604 4365 803 4458; x_wconf 74' lang='lat' dir='ltr'><strong>exceptione</strong></span> <span class='ocrx_word' id='word_1_288' title='bbox 820 4361 990 4433; x_wconf 78' lang='lat' dir='ltr'><strong>bullarum</strong></span> <span class='ocrx_word' id='word_1_289' title='bbox 1002 4363 1199 4453; x_wconf 68' lang='lat' dir='ltr'><strong>manarum,</strong></span> <span class='ocrx_word' id='word_1_290' title='bbox 1215 4362 1259 4432; x_wconf 81' lang='lat' dir='ltr'><strong>ob</strong></span> <span class='ocrx_word' id='word_1_291' title='bbox 1276 4361 1343 4431; x_wconf 76' lang='lat' dir='ltr'><strong>dst-</strong></span> 
     </span>
    </p>
   </div>
   <div class='ocr_carea' id='block_1_3' title="bbox 215 4476 1092 4572">
    <p class='ocr_par' dir='ltr' id='par_1_3' title="bbox 215 4476 1092 4572">
     <span class='ocr_line' id='line_1_36' title="bbox 215 4476 1092 4572; baseline 0 -26"><span class='ocrx_word' id='word_1_292' title='bbox 215 4492 334 4546; x_wconf 83' lang='lat' dir='ltr'><strong>centos</strong></span> <span class='ocrx_word' id='word_1_293' title='bbox 355 4499 464 4546; x_wconf 85' lang='lat' dir='ltr'><strong>annos</strong></span> <span class='ocrx_word' id='word_1_294' title='bbox 478 4476 697 4572; x_wconf 82' lang='lat' dir='ltr'><strong>possessionis</strong></span> <span class='ocrx_word' id='word_1_295' title='bbox 709 4501 746 4548; x_wconf 82' lang='lat' dir='ltr'><strong>se</strong></span> <span class='ocrx_word' id='word_1_296' title='bbox 757 4501 830 4548; x_wconf 75' lang='lat' dir='ltr'><strong>asse</strong></span> <span class='ocrx_word' id='word_1_297' title='bbox 843 4477 1092 4547; x_wconf 79' lang='lat' dir='ltr'><strong>existimarunt.</strong></span> 
     </span>
    </p>
   </div>
   <div class='ocr_carea' id='block_1_4' title="bbox 0 0 1501 5076">
    <p class='ocr_par' dir='ltr' id='par_1_4' title="bbox 0 0 1501 5076">
     <span class='ocr_line' id='line_1_37' title="bbox 0 0 1501 5076; baseline 0 0"><span class='ocrx_word' id='word_1_298' title='bbox 0 0 1501 5076; x_wconf 95' lang='lat' dir='ltr'><strong> </strong></span> 
     </span>
    </p>
   </div>
  </div>
 </body>
</html>
