2978 5076
502 369 548 415 DE
574 369 660 420 tune
683 369 889 417 LITURGlCO.
1190 377 1255 448 177

126 490 536 593 selitngeretosfiaiornm
546 495 653 564 varia
670 493 872 568 celebratio.
887 497 984 567 Patet
996 509 1080 568 tunc
1091 497 1258 572 sublatam

129 634 268 682 omnem
287 608 404 680 Galliis
419 609 591 704 propriam
610 608 754 706 liturgiae
771 610 926 700 formam,
946 626 978 682 et
992 638 1121 684 morem
1136 619 1259 686 Roma·

130 751 214 795 num
237 726 368 820 integre
387 723 489 794 fuisse
511 724 758 795 introductum.

178 839 354 934 liturgica
370 851 483 910 autem
503 836 558 908 illa
576 839 780 927 immutatio,
796 839 955 910 hortante
969 843 1163 936 Apostolica
1179 845 1258 921 sede

129 970 166 1024 et
181 976 314 1024 surnma
330 953 509 1024 devotione
522 977 652 1022 morem
668 954 862 1046 gerentibus
881 957 1055 1052 Episcopis
1071 974 1105 1028 et
1123 962 1259 1056 regibus

130 1068 254 1140 Galliae
274 1069 393 1140 effecta
410 1084 471 1157 est,
489 1084 528 1140 ut
546 1083 678 1140 constat
697 1093 737 1138 ex
756 1072 912 1164 sequenti
929 1073 1109 1144 citatorum
1128 1078 1261 1171 capitu-

129 1182 258 1255 larium
282 1197 406 1252 textu:
430 1212 446 1248 ι
468 1182 572 1273 Quod
588 1182 725 1280 quidem
745 1198 779 1254 et
796 1209 870 1274 nos,
888 1184 1012 1256 collato
1028 1189 1125 1258 nobis
1146 1215 1165 1258 a
1187 1194 1260 1263 Deo
1297 1181 1300 1188 ’

133 1328 152 1364 ιι
172 1323 279 1394 regno
292 1297 412 1386 Italia,
429 1297 585 1390 fecimus,
608 1313 731 1368 sancta
750 1302 911 1370 Romana
923 1300 1077 1374 Ecclesia
1091 1303 1261 1400 fastigium

136 1414 356 1484 «sublimare
383 1415 570 1507 cupientes,
591 1414 863 1486 reverendissimi
889 1419 989 1512 Papae
1012 1418 1153 1490 Adriani
1173 1419 1262 1490 salu·

136 1562 154 1598 ιι
173 1532 304 1602 taribus
320 1533 611 1602 exliortationibus
629 1556 746 1625 parete
765 1533 911 1604 nitentes
925 1559 932 1603 :
948 1534 1074 1604 scilicet
1087 1551 1125 1605 ut
1146 1535 1262 1632 plures

133 1679 150 1714 ιι
170 1646 261 1718 illins
281 1649 386 1744 partis
404 1645 569 1734 Ecclesiae,
589 1671 663 1740 quae
685 1647 858 1740 quondam
874 1649 1076 1742 Apostolicae
1091 1650 1177 1720 sedis
1195 1667 1263 1721 tra·

133 1793 151 1828 ιι
166 1764 330 1832 ditionem
345 1763 378 1830 in
394 1760 566 1856 psallendo
578 1762 746 1855 suscipere
761 1763 975 1854 recusabant,
992 1790 1083 1837 nunc
1097 1791 1170 1836 eum
1185 1782 1262 1838 curn

137 1909 155 1942 ιι
170 1878 266 1947 omni
280 1876 452 1972 diligentia
472 1875 738 1970 amplectantum
756 1891 790 1945 et
807 1878 862 1946 cui
877 1878 1085 1950 adhaeserant
1098 1880 1175 1950 fidei
1190 1909 1263 1952 mu·

137 2025 156 2060 ιι
172 2017 265 2081 nere,
281 1993 474 2065 adhaereant
498 2017 635 2086 quoque
651 1989 813 2088 psallendi
837 1992 969 2065 ordine.
987 1996 1090 2084 Quod
1118 2023 1187 2066 non
1207 2025 1263 2068 so·

138 2140 156 2176 ι
172 2109 243 2180 lum
256 2110 413 2178 omnium
425 2105 613 2178 Galliarum
624 2107 816 2200 provincie,
829 2122 862 2176 et
873 2110 1265 2200 Germania,siveltalia‚

135 2256 154 2291 ιι
168 2225 226 2296 sed
245 2224 346 2292 etiam
365 2225 514 2292 Saxones
531 2237 567 2292 et
592 2220 748 2314 quaedam
774 2221 980 2316 aquilonaris
1002 2222 1107 2320 plagae
1135 2242 1265 2320 gentes,

137 2370 158 2406 ιι
172 2365 233 2434 per
252 2339 322 2434 Nos
341 2339 417 2414 Deo
438 2350 623 2424 annuente,
641 2334 684 2406 ad
702 2335 781 2404 fidei
803 2335 996 2406 rudimenta
1010 2363 1192 2431 conversae,
1211 2342 1263 2412 sa·

138 2483 155 2520 ι
170 2479 247 2526 cere
269 2467 465 2522 noscuntur.
482 2481 500 2517 a

172 2569 349 2646 ,Eamdem
370 2583 530 2664 praeterea
554 2572 717 2637 Romanae
739 2566 884 2664 liturgiae
909 2570 943 2638 in
963 2570 1090 2642 Gallias
1114 2574 1266 2645 introdu-

137 2691 299 2774 ctionem,
316 2701 417 2778 atque
427 2681 527 2754 simul
542 2684 576 2752 iu
589 2683 978 2776 Italiam,Germaniam,
989 2690 1167 2760 saxoniam
1190 2690 1266 2761 reli·

136 2827 294 2898 quosque
319 2796 598 2895 septentrionales
624 2813 763 2884 tractus,
785 2799 833 2868 sic
862 2798 964 2870 refert
989 2816 1023 2870 et
1053 2803 1268 2878 documentis

137 2917 307 2992 historicis
326 2916 448 3010 probat
467 2913 708 2984 'l‘lromassinus
727 2938 734 2980 :

187 3030 491 3106 «Extradnbium
519 3044 583 3115 est,
601 3054 620 3097 a
637 3027 819 3120 ¹Stephano
839 3031 931 3122 Papa
956 3053 1131 3101 concessos
1163 3034 1266 3108 fuisse
1330 3045 1338 3058 '

139 3181 155 3216 ιι
171 3148 338 3243 flagitanti
368 3146 490 3241 Pipino
522 3147 597 3236 regi
622 3146 793 3212 Romanos
818 3159 992 3232 cantores,
1020 3171 1040 3216 a
1074 3149 1199 3240 quihus
1230 3152 1266 3220 in

140 3295 155 3330 ιι
170 3262 329 3334 ecclesias¹
339 3259 528 3331 Gallicanas
546 3282 662 3326 ontnes
685 3260 838 3326 Romana
862 3259 1046 3352 psalmodia
1066 3287 1268 3358 propagare·

140 3415 156 3447 ιι
172 3397 266 3453 tur...
292 3374 573 3456 Constantissime
596 3373 630 3441 id
649 3371 807 3459 affimant,
829 3374 884 3440 cui
907 3372 988 3442 fides
1012 3373 1167 3468 derogari
1197 3404 1265 3446 non

140 3529 155 3563 ι
170 3489 437 3592 possit,Carolus
449 3488 636 3583 Magnus-in
648 3485 899 3582 Capitularibus
911 3485 1077 3582 (Capitol.
1093 3487 1116 3558 l.
1132 3515 1194 3580 1,c.
1206 3517 1267 3584 20,

141 3641 222 3680 a·-
238 3610 351 3704 Capit.
367 3607 585 3699 Aquisgran„
603 3604 684 3673 anni
702 3603 785 3700 789,
802 3627 833 3673 c.
852 3603 913 3698 80)
924 3628 932 3672 τ
943 3604 1118 3674 Moaaclei
1133 3624 1172 3678 at
1187 3633 1269 3679 can·

143 3759 163 3794 ιι
181 3743 257 3800 tum
272 3731 472 3796 Remurium
488 3719 644 3816 pleniter
660 3735 695 3790 et
713 3717 958 3790 ordinabiliter
976 3744 1046 3816 per
1061 3725 1268 3794 nocturnale

145 3873 162 3910 ιι
180 3840 246 3914 vel
256 3837 407 3940 gradole
424 3835 584 3931 officium
598 3849 795 3934 peragant,
807 3905 810 3910 Δ
823 3833 1015 3906 secundam
1043 3835 1142 3932 qaod
1159 3836 1270 3922 bertrao

145 3989 162 4024 ι
180 3957 359 4028 meritorie
373 3952 513 4052 genitor
528 3965 650 4020 noster
662 3949 815 4045 Prpimts
825 3974 890 4020 rex
901 3947 1090 4022 decretarit
1102 3955 1266 4054 atfieret,

147 4105 164 4140 ιι
182 4069 325 4171 quando
359 4067 584 4142 Gallicanam
612 4081 759 4136 cantiam
791 4064 888 4151 tulit,
923 4064 967 4134 ab
998 4069 1270 4140 unanimitatem

147 4220 164 4256 ι
187 4186 397 4284 Apostolicee
409 4182 506 4256 sedis
518 4196 552 4254 et
563 4187 695 4254 sancta
712 4181 782 4252 Dei
798 4179 967 4254 Ecclesia
979 4184 1173 4277 praeficem
1193 4211 1272 4257 eoa·

149 4335 167 4372 ιι
185 4301 383 4378 coniiam...

200 4451 218 4488 ι
234 4424 284 4494 Ee
304 4433 376 4492 erat
399 4431 519 4504 centus
547 4415 734 4510 discordia,
756 4411 1013 4509 officiorumque
1038 4429 1073 4487 et
1098 4440 1271 4488 sacrorum

1060 4553 1101 4600 12
