3018 5070
255 391 302 468 70
714 387 926 438 astemus

256 533 358 586 tima..
376 572 383 586 .
405 521 492 588 Item
509 513 595 586 liber
609 513 963 614 gothica-hispanas,
978 516 1103 612 pagina
1126 519 1206 606 124,
1226 533 1382 588 sanctum

253 635 390 702 Petrum
416 647 580 704 memorat
597 632 650 702 his
665 632 797 718 verbis,
810 635 977 702 timemus
996 632 1251 728 apostolorum;
1269 649 1304 703 et
1321 661 1386 729 pa·

254 747 333 840 gina
361 743 439 830 125,
455 745 496 813 de
511 745 633 813 sanctis
652 748 753 813 Petro
770 759 804 813 et
819 743 925 814 Paulo
945 747 992 814 sic
1013 747 1181 817 habetur:
1205 750 1298 838 Quin
1313 775 1385 846 po-

254 862 324 931 tios
359 859 537 930 tradentes
563 857 614 928 ad
636 884 742 956 regna
772 858 936 930 caelorum
963 884 1053 956 quos
1085 863 1195 934 Pauli
1225 861 1383 934 decernis

253 973 444 1046 adduxerit
466 977 606 1072 pietas,
633 976 847 1044 intromittat
871 977 972 1044 Petri
987 991 1162 1070 potestas.
1197 981 1283 1047 Item
1311 991 1383 1050 tota

254 1089 324 1160 lere
339 1091 434 1160 citari
448 1106 561 1186 posset
576 1091 699 1179 missa,
716 1115 791 1184 quae
802 1091 865 1159 sub
880 1091 1016 1162 rubrica
1028 1093 1066 1160 in
1081 1091 1252 1162 cathedra
1265 1096 1385 1164 setttcti

254 1210 355 1276 Petri
371 1207 520 1276 occurrit
540 1208 575 1274 in
592 1205 852 1276 sacramentario
873 1203 1051 1300 gallicano,
1072 1207 1165 1301 quod
1183 1207 1289 1277 edidit
1309 1210 1388 1280 [lla-

253 1319 414 1390 billonius
437 1320 619 1415 (Musaeum
644 1317 814 1390 italiacum
829 1335 882 1407 ,t
904 1325 943 1407 Ι,
961 1345 1037 1416 pag.
1059 1321 1164 1418 297)
1191 1325 1282 1416 Ergo
1307 1323 1386 1392 uni·

253 1435 381 1505 versole
404 1436 444 1504 de
467 1436 557 1508 Petri
580 1449 615 1504 et
634 1435 780 1504 Romani
798 1433 972 1504 Pontificio
994 1435 1143 1532 primatu
1166 1435 1390 1530 liturgiarum

254 1551 509 1640 testimonium
531 1575 612 1646 ergo
630 1575 746 1620 verum
764 1566 797 1620 et
816 1548 902 1620 illud
917 1549 1052 1646 dogma.

302 1666 495 1758 Propositio
525 1671 571 1760 7¹.
607 1670 680 1734 Per
714 1664 893 1763 litargimn
926 1664 1076 1762 probari
1098 1681 1222 1761 potest
1254 1663 1389 1764 dogma

253 1778 522 1876 infallibilitntis
535 1779 716 1852 Ecclesia.
733 1823 781 1836 -
790 1783 891 1866 Nam,
899 1781 1089 1850 omittendo
1104 1781 1276 1852 hodierna
1289 1781 1388 1853 litur-

254 1894 316 1990 giae
340 1920 486 1964 romanae
512 1897 591 1966 satis
619 1911 700 1964 noto
725 1896 933 1979 testimonia,
952 1921 1027 1990 qua
1054 1894 1125 1965 sola
1149 1896 1273 1991 dogma
1298 1896 1388 1968 illud

254 2011 418 2106 probant,
435 2011 470 2078 in
485 2013 659 2084 Leoniano
676 2012 938 2082 sacramentario
950 2010 1106 2108 legimus,
1119 2009 1275 2082 columna
1291 2011 1384 2086 330:

257 2129 330 2223 Qui
353 2127 543 2198 secundnm
566 2129 815 2224 promissionis
841 2143 911 2198 tare
939 2126 1123 2222 ineffabile
1145 2129 1388 2218 constitutam,

254 2245 458 2344 apostolicas
477 2243 694 2340 confessioni
714 2269 868 2342 superna
886 2243 1147 2339 dispensatione
1161 2243 1321 2344 largae's,
1346 2260 1386 2316 at

255 2364 293 2431 in
309 2362 476 2431 veritatis
492 2375 559 2430 taae
571 2355 792 2453 fundamine
811 2357 969 2430 solidata
986 2358 1087 2430 nulla
1103 2361 1293 2452 mortifera
1306 2358 1388 2453 fal·

254 2478 373 2546 sitatis
376 2473 467 2570 jara
473 2461 705 2570 praevaleant.
723 2479 767 2546 Et
783 2472 941 2544 columna
958 2473 1028 2546 332
1044 2500 1053 2544 t
1072 2480 1124 2546 Ta
1137 2475 1231 2543 enim
1245 2473 1384 2562 tribuis,

259 2592 418 2678 Domine,
429 2605 469 2660 at
472 2587 743 2686 praedicationis
755 2589 957 2688 apostolicae
969 2590 1170 2662 claritatem
1181 2591 1282 2660 nulla
1288 2589 1388 2687 juris

256 2705 390 2800 inferni
418 2703 578 2774 doctrina
606 2701 807 2794 subvertat,
827 2703 926 2774 nulla
949 2705 1196 2800 praevaricatio
1218 2705 1387 2774 veritatis

255 2843 276 2887 o
284 2815 416 2918 firscet.
445 2821 487 2888 Et
508 2816 667 2888 columna
693 2816 764 2904 334
785 2845 792 2887 :
814 2820 886 2909 Qui
907 2817 1109 2888 Ecclesiam
1131 2834 1228 2890 atam
1246 2820 1282 2888 in
1298 2844 1391 2914 afm-

255 2933 379 3004 stolica
393 2932 573 3004 soliditate
572 2931 772 3028 fundatam
787 2933 836 3002 ab
849 2931 1070 3028 infernarum
1078 2935 1172 3004 eruis
1184 2958 1389 3029 errorepor-

256 3065 387 3137 taram,
400 3065 437 3119 at
445 3052 483 3118 in
496 3065 558 3120 tua
568 3051 722 3120 veritate
733 3052 939 3136 consistam,
947 3047 1047 3118 nulla
1054 3051 1387 3144 recipiatcansortta

254 3163 481 3258 perfidorum.
506 3168 598 3258 Ergo
622 3162 856 3232 universaliter
876 3163 1003 3233 credita
1020 3177 1068 3234 est
1091 3160 1248 3234 Ecclesia
1264 3165 1386 3236 catho-

259 3276 331 3348 licae
353 3275 594 3362 infallibilitas3
609 3301 690 3374 ergo
710 3301 827 3348 verum
844 3275 929 3346 illud
943 3277 1075 3372 dogma.

310 3395 502 3490 Propositio
521 3393 570 3464 8³..
594 3397 666 3464 Per
688 3392 870 3490 liturgiam
892 3391 1043 3488 probari
1061 3408 1181 3488 potest
1208 3391 1389 3488 simplices

253 3507 476 3604 presbyteros
493 3534 569 3579 esse
584 3511 758 3604 episcopis
768 3507 888 3579 ordine
902 3522 939 3577 et
951 3506 1122 3606 dignitate
1135 3505 1389 3602 infcrior·es.--

258 3624 339 3698 Noti
356 3639 434 3692 sunt
449 3638 559 3693 textus
571 3623 782 3694 Pontificalis
795 3626 964 3712 Romani,
981 3624 1091 3718 quod,
1107 3638 1225 3718 utpote
1239 3647 1259 3694 a
1271 3649 1392 3716 quam-

258 3740 405 3808 maxima
423 3737 641 3808 ecclesiarum
660 3737 904 3811 catholicarum
935 3754 1029 3834 parte
1048 3739 1265 3826 adhibitum,
1285 3737 1388 3810 fidem

259 3868 293 3924 et
323 3852 513 3922 doctrinam
542 3853 716 3948 ipsiusmet
740 3854 896 3926 Ecclesiae
925 3854 1097 3926 catholicoe
1125 3853 1292 3950 exprimit.
1321 3852 1389 3925 Sed

260 3983 422 4061 praeterea
456 3969 490 4038 in
515 3973 775 4042 sacramentario
799 3970 980 4042 Gelasiano
1005 3968 1147 4066 legimus
1173 3970 1296 4064 pagina
1317 3993 1389 4040 aa:
1497 4033 1498 4056 χ

263 4087 310 4152 Ut
330 4106 407 4150 cam
425 4085 617 4176 Pontifices
633 4111 792 4156 summos
809 4083 969 4185 regendis
977 4084 1123 4180 papalis
1134 4082 1388 4181 prsefecrsses,

260 4195 312 4266 ad
328 4223 448 4270 eoram
463 4202 649 4272 societates
673 4217 708 4272 et
728 4204 844 4298 operis
871 4199 1113 4298 aclJirrnentom
1134 4200 1313 4296 sequentis
1336 4220 1389 4267 or-

260 4309 355 4382 dinis
365 4314 464 4382 viros
478 4329 512 4383 et
524 4313 685 4386 scctmdae
697 4314 881 4414 dignitatis
895 4315 1078 4412 elegeris...
1096 4317 1288 4409 Acceptum
1303 4337 1327 4381 a
1341 4326 1388 4402 te,
1496 4333 1497 4408 t

266 4433 373 4521 Oeam
391 4427 538 4500 secandi
552 4432 671 4502 meriti
681 4455 810 4502 nonnos
830 4427 996 4502 obtineat.
1016 4429 1067 4500 lhi
1082 4443 1194 4500 amem
1214 4428 1329 4523 agitur
1347 4425 1388 4496 dc
1496 4411 1497 4438 ¹
