2946 5070
225 376 274 458 4²
653 355 655 363 ¹
687 388 893 438 anserinus

228 520 366 617 (cursus
394 515 604 610 theologicus
627 519 713 586 aD.
741 516 858 610 Migne
883 512 1058 600 editus-,t
1085 512 1156 598 lv,
1178 535 1212 604 p.
1231 505 1359 602 645),

227 634 337 728 logice
364 632 544 701 adducitur
569 630 611 699 ad
630 628 826 724 negandum
852 653 972 697 verum.
993 651 1066 698 ease
1090 622 1307 722 generaliter
1322 637 1359 692 et

229 745 389 816 absolate
401 745 583 840 Augustini
595 744 722 815 dictum
733 798 744 831 ‚
755 741 853 840 qaod
864 758 916 812 est
929 757 1053 814 contra
1060 739 1173 831 fidem
1185 753 1220 810 et
1229 735 1360 808 totam

230 863 346 932 vitant
367 859 529 930 Ecclesia
546 883 611 928 nec
628 856 728 928 docet
746 881 811 928 nec
821 855 921 952 facit
928 887 943 943 ;
956 872 1057 950 atque
1076 853 1160 925 illud
1175 858 1210 924 S.
1231 850 1359 922 Coeles·

229 977 292 1045 tini
309 975 467 1061 effatum,
480 973 591 1070 legem
605 971 771 1044 eretiendi
781 987 919 1044 statuat
934 972 995 1044 tea
1007 966 1243 1067 simplicandi.

278 1093 351 1184 Ego
371 1114 452 1159 vero
472 1088 578 1157 fateor
608 1087 794 1155 istiusmodi
815 1086 986 1171 doctrina,
1008 1088 1034 1156 si
1064 1097 1262 1169 vernasset,
1283 1106 1358 1150 om·

230 1206 314 1273 nino
346 1203 554 1297 pessumdari
575 1203 644 1270 vim
668 1201 813 1296 liturgiae
842 1201 1077 1295 dogmaticam.
1097 1201 1241 1291 Quoties
1267 1198 1360 1268 enim

229 1317 350 1411 aliquis
372 1315 558 1387 catholicus
576 1316 696 1385 doctor
715 1316 911 1386 unanimem
936 1316 1117 1386 adduceret
1141 1314 1364 1407 liturgiarum

231 1422 436 1504 concentum
447 1430 709 1524 adprobandam
722 1428 863 1524 alicujus
873 1430 1039 1526 dogmatis
1047 1431 1234 1517 veritatem,
1247 1442 1364 1520 posset

233 1547 266 1616 ei
279 1545 474 1639 responderi
491 1570 498 1613 :
515 1545 588 1614 baec
601 1543 737 1637 quidem
756 1542 952 1612 universalis
971 1545 1081 1638 praxis
1099 1543 1222 1637 probat
1236 1541 1281 1610 ab
1295 1544 1364 1612 Ec·

233 1660 334 1732 clesia
348 1661 502 1730 habitum
515 1659 615 1728 fuisse
625 1659 748 1754 dogma
762 1658 843 1728 illud
855 1675 1014 1753 tanquam
1020 1655 1210 1755 probabile
1217 1687 1232 1742 ,·
1242 1671 1364 1725 utrum

234 1790 347 1846 autem
362 1776 516 1844 habitum
534 1776 635 1843 etiam
656 1775 758 1844 fuerit
772 1765 932 1868 tanquim
946 1789 1099 1862 certum,
1113 1798 1155 1844 ex
1172 1771 1245 1842 sola
1265 1769 1364 1840 litur-

236 1889 313 1982 gica
325 1889 420 1982 praxi
437 1889 652 1982 quantumvis
669 1888 840 1982 generali,
857 1904 891 1958 et
903 1889 1123 1982 quantumvis
1134 1884 1225 1956 clare
1238 1885 1364 1978 dogma

234 2001 321 2073 illud
348 2004 573 2096 exprimente,
601 2028 670 2071 non
699 2004 882 2095 probatur3
905 2003 1070 2096 siquidem
1103 2016 1215 2098 potest
1244 2001 1365 2094 hujus·

237 2117 332 2188 modi
363 2117 474 2211 praxis
499 2119 661 2212 opinione
688 2132 819 2186 tantum
843 2116 1009 2212 probabili
1037 2117 1185 2186 fundari.
1208 2119 1281 2186 Nec
1306 2140 1367 2184 sua

237 2229 405 2304 sufficiens
417 2247 569 2301 servatur
581 2231 727 2326 liturgiae
743 2234 926 2302 auctoritas
940 2257 1001 2326 per
1014 2232 1266 2300 distinctionem
1281 2233 1367 2302 Vas-

237 2347 345 2440 quesii
385 2347 475 2440 inter
518 2345 688 2438 religionis
721 2361 1049 2415 sacramentorumve
1084 2345 1296 2420 essentialia
1328 2367 1368 2416 ae

237 2457 485 2528 accidentalia.
516 2462 602 2530 Nam
626 2461 734 2553 posita
754 2461 817 2528 hae
835 2461 1072 2548 distinctione,
1095 2485 1164 2528 non
1184 2475 1305 2554 potero
1327 2483 1368 2526 ex

238 2569 376 2665 liturgia
396 2570 598 2640 concludere
618 2575 792 2642 veritatem
809 2573 951 2667 alicujus
971 2574 1161 2668 dogmatis,
1183 2575 1248 2642 nisi
1272 2573 1368 2666 prius

244 2685 328 2753 mibi
343 2699 474 2762 constet
489 2683 572 2754 illud
587 2685 707 2780 dogma
721 2688 808 2756 circa
821 2688 1030 2757 essentialia
1042 2688 1182 2758 versari.
1199 2687 1240 2756 ld
1253 2703 1368 2756 autem

240 2825 310 2868 non
333 2799 417 2868 mihi
436 2801 605 2870 constabit
627 2825 667 2868 ex
690 2799 828 2895 liturgia
847 2802 937 2895 ipsa,
960 2802 1017 2872 sed
1036 2802 1186 2872 aliunde.
1209 2807 1308 2896 Ergo
1330 2827 1370 2872 ex
1470 2839 1471 2848 ¹

241 2913 311 2985 sola
331 2918 403 3010 ipsa
423 2915 560 3009 liturgia
578 2916 736 2986 concludi
752 2943 821 2985 non
841 2920 971 3011 poterit
989 2919 1150 2986 doctrinae
1166 2919 1292 2986 veritas
1309 2942 1370 2986 nec

241 3039 330 3105 circa
349 3037 573 3122 essentialia,
598 3063 660 3105 nec
671 3038 766 3107 circa
781 3037 1027 3107 accidentalia.
1050 3042 1094 3106 Et
1109 3052 1200 3108 certe
1214 3037 1372 3106 exsuffla-

242 3150 344 3222 tionis
376 3152 462 3220 ritus
490 3153 525 3218 in
558 3153 757 3245 baptismate
780 3152 937 3222 adhiberi
966 3152 1085 3222 solitus
1114 3153 1157 3222 ad
1189 3154 1371 3222 essentiam

242 3266 442 3335 sacramenti
474 3289 543 3332 non
563 3267 709 3360 pertinet
730 3293 739 3334 τ
761 3269 968 3362 Augustinus
987 3284 1101 3336 tamen
1130 3282 1224 3336 tanta
1249 3267 1372 3338 fiducia

243 3403 284 3449 ex
302 3379 361 3448 illo
385 3381 454 3448 ritu
474 3379 646 3448 concludit
667 3382 880 3475 praesentiam
898 3381 1058 3451 daemonis
1077 3407 1115 3452 ac
1134 3380 1280 3478 proinde
1294 3406 1372 3476 pec·

243 3495 309 3565 cati
328 3494 501 3590 originalis
519 3496 553 3564 in
575 3495 717 3590 parvulo
732 3523 848 3568 recens
862 3513 941 3568 nato
958 3515 991 3568 et
1007 3497 1160 3568 nondum
1175 3498 1370 3590 baptizato,

245 3623 285 3678 ut
320 3609 566 3678 exsufflandum
595 3611 637 3680 de
664 3611 813 3681 Ecclesia
847 3613 1049 3706 pronuntiet
1078 3637 1156 3681 eum
1185 3613 1246 3704 qui
1273 3612 1373 3681 talem

247 3723 349 3790 ritum
362 3745 424 3816 pro
437 3721 619 3791 sufficienti
630 3725 730 3816 hujus
743 3725 911 3820 dogmatis
925 3725 1127 3822 probatione
1139 3749 1209 3794 non
1224 3727 1374 3795 haberet.

295 3835 396 3904 Unde
419 3861 535 3905 revera
555 3837 671 3931 opinio
692 3864 794 3934 quam
815 3841 1014 3935 exponimus
1042 3857 1174 3938 pugnat
1194 3867 1275 3909 crim
1299 3839 1375 3908 doc-

248 3949 338 4018 trina
357 3951 391 4017 in
417 3953 683 4044 praecedentibus
703 3955 853 4024 thesibus
871 3955 1022 4026 stabilita
1040 3957 1131 4026 circa
1144 3955 1215 4024 vim
1232 3953 1375 4050 liturgia

250 4063 491 4158 dogmaticam.

296 4179 485 4274 Propositio
506 4185 553 4276 9'.
574 4182 734 4278 Prasata
753 4184 870 4279 opinio
888 4186 1030 4254 omnino
1033 4183 1142 4280 salsa
1156 4197 1212 4252 est
1224 4197 1261 4252 et
1268 4179 1376 4278 repel-

249 4289 366 4362 lenda.
385 4335 435 4344 -
446 4291 507 4362 Illa
517 4295 607 4362 enim
625 4297 742 4390 opinio
756 4297 839 4367 falsa
854 4314 948 4368 estet
964 4299 1174 4396 repellenda,
1188 4323 1230 4366 ex
1243 4324 1311 4392 qua
1323 4320 1377 4366 se·
1468 4303 1469 4306 ’

249 4422 411 4498 queretur
429 4407 613 4478 Ecclesiam
628 4435 695 4481 non
714 4436 784 4481 esse
804 4431 953 4484 sanctam
967 4427 1000 4482 et
1019 4414 1053 4481 in
1074 4412 1266 4507 profitenda
1280 4427 1378 4504 atquc
1467 4393 1468 4472 l
