<?xml version="1.0" encoding="UTF-8"?>
<!DOCTYPE html PUBLIC "-//W3C//DTD XHTML 1.0 Transitional//EN"
    "http://www.w3.org/TR/xhtml1/DTD/xhtml1-transitional.dtd">
<html xmlns="http://www.w3.org/1999/xhtml" xml:lang="en" lang="en">
 <head>
  <title>
</title>
<meta http-equiv="Content-Type" content="text/html;charset=utf-8" />
  <meta name='ocr-system' content='tesseract 3.04.00' />
  <meta name='ocr-capabilities' content='ocr_page ocr_carea ocr_par ocr_line ocrx_word'/>
</head>
<body>
  <div class='ocr_page' id='page_1' title='image "./tractatusdejure00bouigoog_0283.png"; bbox 0 0 3004 5070; ppageno 0'>
   <div class='ocr_carea' id='block_1_1' title="bbox 186 313 921 428">
    <p class='ocr_par' dir='ltr' id='par_1_1' title="bbox 186 313 921 428">
     <span class='ocr_line' id='line_1_1' title="bbox 186 313 921 428; baseline 0.003 -28"><span class='ocrx_word' id='word_1_1' title='bbox 186 313 188 318; x_wconf 54' lang='grc'>’</span> <span class='ocrx_word' id='word_1_2' title='bbox 255 355 326 428; x_wconf 76' lang='lat' dir='ltr'><strong>opo</strong></span> <span class='ocrx_word' id='word_1_3' title='bbox 713 351 921 405; x_wconf 80' lang='lat' dir='ltr'><strong>uaacrtrus</strong></span> 
     </span>
    </p>
   </div>
   <div class='ocr_carea' id='block_1_2' title="bbox 180 478 1414 3582">
    <p class='ocr_par' dir='ltr' id='par_1_2' title="bbox 180 478 1414 2643">
     <span class='ocr_line' id='line_1_2' title="bbox 252 478 1388 579; baseline 0.001 -27"><span class='ocrx_word' id='word_1_4' title='bbox 252 483 334 579; x_wconf 86' lang='lat' dir='ltr'><strong>goti.</strong></span> <span class='ocrx_word' id='word_1_5' title='bbox 353 480 393 552; x_wconf 92' lang='lat' dir='ltr'><strong>Id</strong></span> <span class='ocrx_word' id='word_1_6' title='bbox 413 493 545 554; x_wconf 84' lang='lat' dir='ltr'><strong>tautum</strong></span> <span class='ocrx_word' id='word_1_7' title='bbox 564 478 600 550; x_wconf 90' lang='lat' dir='ltr'><strong>iu</strong></span> <span class='ocrx_word' id='word_1_8' title='bbox 622 479 848 574; x_wconf 78' lang='lat' dir='ltr'><strong>quaestionem</strong></span> <span class='ocrx_word' id='word_1_9' title='bbox 862 480 976 553; x_wconf 85' lang='lat' dir='ltr'><strong>vocari</strong></span> <span class='ocrx_word' id='word_1_10' title='bbox 995 493 1121 574; x_wconf 83' lang='lat' dir='ltr'><strong>posset,</strong></span> <span class='ocrx_word' id='word_1_11' title='bbox 1134 495 1251 558; x_wconf 88' lang='lat' dir='ltr'><strong>utrum</strong></span> <span class='ocrx_word' id='word_1_12' title='bbox 1261 485 1388 578; x_wconf 79' lang='lat' dir='ltr'><strong>hujus·</strong></span> 
     </span>
     <span class='ocr_line' id='line_1_3' title="bbox 254 594 1385 690; baseline 0.002 -22"><span class='ocrx_word' id='word_1_13' title='bbox 254 598 345 670; x_wconf 87' lang='lat' dir='ltr'><strong>modi</strong></span> <span class='ocrx_word' id='word_1_14' title='bbox 359 597 607 669; x_wconf 78' lang='lat' dir='ltr'><strong>immutationes</strong></span> <span class='ocrx_word' id='word_1_15' title='bbox 626 594 786 670; x_wconf 80' lang='lat' dir='ltr'><strong>iuducere</strong></span> <span class='ocrx_word' id='word_1_16' title='bbox 798 597 948 689; x_wconf 83' lang='lat' dir='ltr'><strong>potuerit</strong></span> <span class='ocrx_word' id='word_1_17' title='bbox 964 596 1107 690; x_wconf 87' lang='lat' dir='ltr'><strong>quisquo</strong></span> <span class='ocrx_word' id='word_1_18' title='bbox 1118 597 1154 666; x_wconf 90' lang='lat' dir='ltr'><strong>io</strong></span> <span class='ocrx_word' id='word_1_19' title='bbox 1167 623 1227 674; x_wconf 84' lang='lat' dir='ltr'><strong>sua</strong></span> <span class='ocrx_word' id='word_1_20' title='bbox 1247 599 1385 672; x_wconf 81' lang='lat' dir='ltr'><strong>dioecesi</strong></span> 
     </span>
     <span class='ocr_line' id='line_1_4' title="bbox 254 709 1388 808; baseline 0.002 -28"><span class='ocrx_word' id='word_1_21' title='bbox 254 714 453 808; x_wconf 72' lang='lat' dir='ltr'>Episcopus,</span> <span class='ocrx_word' id='word_1_22' title='bbox 472 735 516 784; x_wconf 89' lang='lat' dir='ltr'><strong>an</strong></span> <span class='ocrx_word' id='word_1_23' title='bbox 539 724 651 784; x_wconf 75' lang='lat' dir='ltr'><strong>mrtem</strong></span> <span class='ocrx_word' id='word_1_24' title='bbox 670 709 921 804; x_wconf 76' lang='lat' dir='ltr'><strong>ametropolitari</strong></span> <span class='ocrx_word' id='word_1_25' title='bbox 935 725 999 788; x_wconf 83' lang='lat' dir='ltr'><strong>aut¹</strong></span> <span class='ocrx_word' id='word_1_26' title='bbox 1014 711 1148 786; x_wconf 88' lang='lat' dir='ltr'><strong>coucilii</strong></span> <span class='ocrx_word' id='word_1_27' title='bbox 1163 713 1388 807; x_wconf 80' lang='lat' dir='ltr'><strong>provincialis</strong></span> 
     </span>
     <span class='ocr_line' id='line_1_5' title="bbox 256 826 1386 922; baseline 0 -24"><span class='ocrx_word' id='word_1_28' title='bbox 256 829 445 905; x_wconf 75' lang='lat' dir='ltr'><strong>ramessaria</strong></span> <span class='ocrx_word' id='word_1_29' title='bbox 456 827 560 900; x_wconf 82' lang='lat' dir='ltr'><strong>fuerit</strong></span> <span class='ocrx_word' id='word_1_30' title='bbox 571 827 767 909; x_wconf 75' lang='lat' dir='ltr'><strong>auotoritas.</strong></span> <span class='ocrx_word' id='word_1_31' title='bbox 782 826 895 913; x_wconf 89' lang='lat' dir='ltr'><strong>Quam</strong></span> <span class='ocrx_word' id='word_1_32' title='bbox 911 827 1134 922; x_wconf 75' lang='lat' dir='ltr'><strong>questionem</strong></span> <span class='ocrx_word' id='word_1_33' title='bbox 1148 827 1289 902; x_wconf 86' lang='lat' dir='ltr'><strong>eruditis</strong></span> <span class='ocrx_word' id='word_1_34' title='bbox 1305 854 1386 901; x_wconf 85' lang='lat' dir='ltr'><strong>enu-</strong></span> 
     </span>
     <span class='ocr_line' id='line_1_6' title="bbox 252 945 1385 1040; baseline 0.001 -20"><span class='ocrx_word' id='word_1_35' title='bbox 252 947 426 1023; x_wconf 80' lang='lat' dir='ltr'><strong>cleandam</strong></span> <span class='ocrx_word' id='word_1_36' title='bbox 441 945 687 1040; x_wconf 75' lang='lat' dir='ltr'><strong>relinquentes,</strong></span> <span class='ocrx_word' id='word_1_37' title='bbox 702 945 1009 1019; x_wconf 73' lang='lat' dir='ltr'><strong>animadvertemus</strong></span> <span class='ocrx_word' id='word_1_38' title='bbox 1028 961 1163 1022; x_wconf 80' lang='lat' dir='ltr'><strong>tautum</strong></span> <span class='ocrx_word' id='word_1_39' title='bbox 1180 948 1292 1040; x_wconf 70' lang='lat' dir='ltr'><strong>‹prroad</strong></span> <span class='ocrx_word' id='word_1_40' title='bbox 1309 973 1385 1021; x_wconf 74' lang='lat' dir='ltr'><strong>eaor</strong></span> 
     </span>
     <span class='ocr_line' id='line_1_7' title="bbox 258 1060 1385 1156; baseline 0.007 -28"><span class='ocrx_word' id='word_1_41' title='bbox 258 1089 327 1137; x_wconf 75' lang='lat' dir='ltr'><strong>rem</strong></span> <span class='ocrx_word' id='word_1_42' title='bbox 345 1064 491 1137; x_wconf 74' lang='lat' dir='ltr'><strong>variasse</strong></span> <span class='ocrx_word' id='word_1_43' title='bbox 503 1063 559 1154; x_wconf 90' lang='lat' dir='ltr'><strong>jus</strong></span> <span class='ocrx_word' id='word_1_44' title='bbox 573 1086 635 1155; x_wconf 85' lang='lat' dir='ltr'><strong>pro</strong></span> <span class='ocrx_word' id='word_1_45' title='bbox 653 1061 753 1132; x_wconf 84' lang='lat' dir='ltr'><strong>uariis</strong></span> <span class='ocrx_word' id='word_1_46' title='bbox 772 1062 980 1156; x_wconf 83' lang='lat' dir='ltr'><strong>temporibus</strong></span> <span class='ocrx_word' id='word_1_47' title='bbox 992 1076 1025 1130; x_wconf 88' lang='lat' dir='ltr'><strong>et</strong></span> <span class='ocrx_word' id='word_1_48' title='bbox 1044 1062 1145 1133; x_wconf 90' lang='lat' dir='ltr'><strong>variis</strong></span> <span class='ocrx_word' id='word_1_49' title='bbox 1163 1060 1385 1136; x_wconf 86' lang='lat' dir='ltr'><strong>ecclesiarum</strong></span> 
     </span>
     <span class='ocr_line' id='line_1_8' title="bbox 253 1174 1387 1270; baseline 0.001 -21"><span class='ocrx_word' id='word_1_50' title='bbox 253 1176 573 1252; x_wconf 76' lang='lat' dir='ltr'><strong>consuetudinibus.</strong></span> <span class='ocrx_word' id='word_1_51' title='bbox 590 1178 636 1249; x_wconf 80' lang='lat' dir='ltr'><strong>At</strong></span> <span class='ocrx_word' id='word_1_52' title='bbox 657 1199 872 1270; x_wconf 79' lang='lat' dir='ltr'><strong>quacumque</strong></span> <span class='ocrx_word' id='word_1_53' title='bbox 889 1174 994 1252; x_wconf 85' lang='lat' dir='ltr'><strong>modu</strong></span> <span class='ocrx_word' id='word_1_54' title='bbox 1015 1201 1050 1249; x_wconf 87' lang='lat' dir='ltr'><strong>se</strong></span> <span class='ocrx_word' id='word_1_55' title='bbox 1068 1201 1122 1252; x_wconf 80' lang='lat' dir='ltr'><strong>ros</strong></span> <span class='ocrx_word' id='word_1_56' title='bbox 1141 1176 1313 1263; x_wconf 82' lang='lat' dir='ltr'><strong>habuerit,</strong></span> <span class='ocrx_word' id='word_1_57' title='bbox 1332 1206 1387 1251; x_wconf 89' lang='lat' dir='ltr'><strong>re-</strong></span> 
     </span>
     <span class='ocr_line' id='line_1_9' title="bbox 256 1289 1386 1384; baseline 0.004 -22"><span class='ocrx_word' id='word_1_58' title='bbox 256 1308 370 1368; x_wconf 77' lang='lat' dir='ltr'><strong>manet</strong></span> <span class='ocrx_word' id='word_1_59' title='bbox 381 1292 452 1366; x_wconf 82' lang='lat' dir='ltr'><strong>sedi</strong></span> <span class='ocrx_word' id='word_1_60' title='bbox 466 1289 666 1384; x_wconf 76' lang='lat' dir='ltr'><strong>apostolica</strong></span> <span class='ocrx_word' id='word_1_61' title='bbox 681 1305 760 1360; x_wconf 85' lang='lat' dir='ltr'><strong>aute</strong></span> <span class='ocrx_word' id='word_1_62' title='bbox 774 1294 809 1360; x_wconf 76' lang='lat' dir='ltr'><strong>S.</strong></span> <span class='ocrx_word' id='word_1_63' title='bbox 816 1293 917 1367; x_wconf 84' lang='lat' dir='ltr'><strong>Pium</strong></span> <span class='ocrx_word' id='word_1_64' title='bbox 930 1295 962 1362; x_wconf 93' lang='lat' dir='ltr'><strong>V</strong></span> <span class='ocrx_word' id='word_1_65' title='bbox 976 1306 1177 1364; x_wconf 73' lang='lat' dir='ltr'><strong>reservatam</strong></span> <span class='ocrx_word' id='word_1_66' title='bbox 1195 1318 1264 1365; x_wconf 88' lang='lat' dir='ltr'><strong>uon</strong></span> <span class='ocrx_word' id='word_1_67' title='bbox 1279 1294 1386 1369; x_wconf 83' lang='lat' dir='ltr'><strong>fuisse</strong></span> 
     </span>
     <span class='ocr_line' id='line_1_10' title="bbox 256 1403 1385 1504; baseline 0.001 -26"><span class='ocrx_word' id='word_1_68' title='bbox 256 1408 532 1484; x_wconf 82' lang='lat' dir='ltr'><strong>immutationum</strong></span> <span class='ocrx_word' id='word_1_69' title='bbox 559 1403 918 1490; x_wconf 73' lang='lat' dir='ltr'><strong>uon-substantialium</strong></span> <span class='ocrx_word' id='word_1_70' title='bbox 944 1421 1157 1500; x_wconf 72' lang='lat' dir='ltr'><strong>potestatem.</strong></span> <span class='ocrx_word' id='word_1_71' title='bbox 1178 1407 1244 1479; x_wconf 85' lang='lat' dir='ltr'><strong>Sed</strong></span> <span class='ocrx_word' id='word_1_72' title='bbox 1275 1434 1385 1504; x_wconf 80' lang='lat' dir='ltr'><strong>noque</strong></span> 
     </span>
     <span class='ocr_line' id='line_1_11' title="bbox 251 1519 1387 1621; baseline -0.001 -25"><span class='ocrx_word' id='word_1_73' title='bbox 251 1524 310 1620; x_wconf 85' lang='lat' dir='ltr'><strong>jus</strong></span> <span class='ocrx_word' id='word_1_74' title='bbox 328 1521 413 1595; x_wconf 88' lang='lat' dir='ltr'><strong>illud</strong></span> <span class='ocrx_word' id='word_1_75' title='bbox 430 1535 611 1596; x_wconf 77' lang='lat' dir='ltr'><strong>coarmuue</strong></span> <span class='ocrx_word' id='word_1_76' title='bbox 636 1520 771 1595; x_wconf 72' lang='lat' dir='ltr'><strong>sustulit</strong></span> <span class='ocrx_word' id='word_1_77' title='bbox 798 1519 951 1594; x_wconf 86' lang='lat' dir='ltr'><strong>laudatus</strong></span> <span class='ocrx_word' id='word_1_78' title='bbox 971 1521 1128 1598; x_wconf 74' lang='lat' dir='ltr'><strong>Pontifex</strong></span> <span class='ocrx_word' id='word_1_79' title='bbox 1147 1523 1259 1621; x_wconf 85' lang='lat' dir='ltr'><strong>quoad</strong></span> <span class='ocrx_word' id='word_1_80' title='bbox 1279 1524 1387 1597; x_wconf 84' lang='lat' dir='ltr'><strong>ecole-</strong></span> 
     </span>
     <span class='ocr_line' id='line_1_12' title="bbox 256 1634 1387 1732; baseline 0 -24"><span class='ocrx_word' id='word_1_81' title='bbox 256 1641 336 1724; x_wconf 88' lang='lat' dir='ltr'><strong>sias‚</strong></span> <span class='ocrx_word' id='word_1_82' title='bbox 356 1638 480 1732; x_wconf 77' lang='lat' dir='ltr'><strong>quihus</strong></span> <span class='ocrx_word' id='word_1_83' title='bbox 498 1637 671 1730; x_wconf 80' lang='lat' dir='ltr'><strong>propriam</strong></span> <span class='ocrx_word' id='word_1_84' title='bbox 695 1661 788 1708; x_wconf 88' lang='lat' dir='ltr'><strong>suam</strong></span> <span class='ocrx_word' id='word_1_85' title='bbox 815 1634 986 1732; x_wconf 82' lang='lat' dir='ltr'><strong>liturgiam</strong></span> <span class='ocrx_word' id='word_1_86' title='bbox 1006 1637 1275 1714; x_wconf 77' lang='lat' dir='ltr'><strong>durentisannis</strong></span> <span class='ocrx_word' id='word_1_87' title='bbox 1293 1641 1387 1714; x_wconf 87' lang='lat' dir='ltr'><strong>auti-</strong></span> 
     </span>
     <span class='ocr_line' id='line_1_13' title="bbox 254 1751 1385 1848; baseline 0.004 -26"><span class='ocrx_word' id='word_1_88' title='bbox 254 1757 411 1848; x_wconf 71' lang='lat' dir='ltr'><strong>tpuiorem</strong></span> <span class='ocrx_word' id='word_1_89' title='bbox 439 1751 607 1845; x_wconf 64' lang='lat' dir='ltr'><strong>permisit„</strong></span> <span class='ocrx_word' id='word_1_90' title='bbox 637 1753 723 1826; x_wconf 78' lang='lat' dir='ltr'><strong>Nam</strong></span> <span class='ocrx_word' id='word_1_91' title='bbox 754 1751 939 1845; x_wconf 89' lang='lat' dir='ltr'><strong>prohibitio</strong></span> <span class='ocrx_word' id='word_1_92' title='bbox 962 1751 1147 1846; x_wconf 82' lang='lat' dir='ltr'><strong>quidquam</strong></span> <span class='ocrx_word' id='word_1_93' title='bbox 1169 1756 1385 1846; x_wconf 75' lang='lat' dir='ltr'><strong>immutandi,</strong></span> 
     </span>
     <span class='ocr_line' id='line_1_14' title="bbox 254 1866 1386 1960; baseline 0.004 -23"><span class='ocrx_word' id='word_1_94' title='bbox 254 1868 413 1956; x_wconf 83' lang='lat' dir='ltr'><strong>addendi,</strong></span> <span class='ocrx_word' id='word_1_95' title='bbox 437 1866 657 1955; x_wconf 80' lang='lat' dir='ltr'><strong>detralraudi,</strong></span> <span class='ocrx_word' id='word_1_96' title='bbox 683 1867 816 1960; x_wconf 85' lang='lat' dir='ltr'><strong>respicit</strong></span> <span class='ocrx_word' id='word_1_97' title='bbox 841 1867 1016 1941; x_wconf 88' lang='lat' dir='ltr'><strong>dumtaxat</strong></span> <span class='ocrx_word' id='word_1_98' title='bbox 1035 1883 1223 1940; x_wconf 78' lang='lat' dir='ltr'><strong>comeotmo</strong></span> <span class='ocrx_word' id='word_1_99' title='bbox 1251 1871 1386 1944; x_wconf 84' lang='lat' dir='ltr'><strong>brevia·</strong></span> 
     </span>
     <span class='ocr_line' id='line_1_15' title="bbox 258 1978 1385 2077; baseline 0.004 -25"><span class='ocrx_word' id='word_1_100' title='bbox 258 1985 347 2058; x_wconf 84' lang='lat' dir='ltr'><strong>rium</strong></span> <span class='ocrx_word' id='word_1_101' title='bbox 367 1997 399 2055; x_wconf 86' lang='lat' dir='ltr'><strong>et</strong></span> <span class='ocrx_word' id='word_1_102' title='bbox 427 1978 557 2053; x_wconf 85' lang='lat' dir='ltr'><strong>missale</strong></span> <span class='ocrx_word' id='word_1_103' title='bbox 579 1981 706 2056; x_wconf 81' lang='lat' dir='ltr'><strong>certaris</strong></span> <span class='ocrx_word' id='word_1_104' title='bbox 730 1981 893 2057; x_wconf 78' lang='lat' dir='ltr'><strong>ouruilrus</strong></span> <span class='ocrx_word' id='word_1_105' title='bbox 910 1980 1057 2052; x_wconf 80' lang='lat' dir='ltr'><strong>ecelesiis</strong></span> <span class='ocrx_word' id='word_1_106' title='bbox 1077 1983 1284 2077; x_wconf 86' lang='lat' dir='ltr'><strong>impositum.</strong></span> <span class='ocrx_word' id='word_1_107' title='bbox 1304 1989 1385 2076; x_wconf 85' lang='lat' dir='ltr'><strong>Quo</strong></span> 
     </span>
     <span class='ocr_line' id='line_1_16' title="bbox 257 2095 1387 2196; baseline 0.009 -32"><span class='ocrx_word' id='word_1_108' title='bbox 257 2095 1387 2196; x_wconf 78' lang='lat' dir='ltr'><strong>voroadliturgiasduceutisauuisautiquioresatpermanereper·</strong></span> 
     </span>
     <span class='ocr_line' id='line_1_17' title="bbox 257 2211 1386 2309; baseline 0.005 -27"><span class='ocrx_word' id='word_1_109' title='bbox 257 2215 387 2298; x_wconf 85' lang='lat' dir='ltr'><strong>missas,</strong></span> <span class='ocrx_word' id='word_1_110' title='bbox 410 2212 495 2288; x_wconf 84' lang='lat' dir='ltr'><strong>uilril</strong></span> <span class='ocrx_word' id='word_1_111' title='bbox 508 2211 575 2285; x_wconf 84' lang='lat' dir='ltr'><strong>tale</strong></span> <span class='ocrx_word' id='word_1_112' title='bbox 594 2213 774 2300; x_wconf 82' lang='lat' dir='ltr'><strong>statuitur3</strong></span> <span class='ocrx_word' id='word_1_113' title='bbox 791 2237 873 2308; x_wconf 85' lang='lat' dir='ltr'><strong>ergo</strong></span> <span class='ocrx_word' id='word_1_114' title='bbox 883 2213 943 2309; x_wconf 84' lang='lat' dir='ltr'><strong>jus</strong></span> <span class='ocrx_word' id='word_1_115' title='bbox 958 2239 1140 2287; x_wconf 85' lang='lat' dir='ltr'><strong>commuue</strong></span> <span class='ocrx_word' id='word_1_116' title='bbox 1153 2217 1242 2290; x_wconf 79' lang='lat' dir='ltr'><strong>cirea</strong></span> <span class='ocrx_word' id='word_1_117' title='bbox 1256 2242 1314 2292; x_wconf 78' lang='lat' dir='ltr'><strong>eas</strong></span> <span class='ocrx_word' id='word_1_118' title='bbox 1328 2244 1386 2288; x_wconf 87' lang='lat' dir='ltr'><strong>au·</strong></span> 
     </span>
     <span class='ocr_line' id='line_1_18' title="bbox 256 2329 1384 2430; baseline 0.004 -32"><span class='ocrx_word' id='word_1_119' title='bbox 256 2345 311 2402; x_wconf 88' lang='lat' dir='ltr'><strong>tea</strong></span> <span class='ocrx_word' id='word_1_120' title='bbox 338 2332 455 2426; x_wconf 79' lang='lat' dir='ltr'><strong>rigens</strong></span> <span class='ocrx_word' id='word_1_121' title='bbox 475 2353 543 2406; x_wconf 85' lang='lat' dir='ltr'><strong>oon</strong></span> <span class='ocrx_word' id='word_1_122' title='bbox 559 2329 760 2423; x_wconf 78' lang='lat' dir='ltr'><strong>aluogatur3</strong></span> <span class='ocrx_word' id='word_1_123' title='bbox 782 2354 866 2424; x_wconf 82' lang='lat' dir='ltr'><strong>ergo</strong></span> <span class='ocrx_word' id='word_1_124' title='bbox 883 2331 969 2404; x_wconf 72' lang='lat' dir='ltr'><strong>deut</strong></span> <span class='ocrx_word' id='word_1_125' title='bbox 989 2357 1051 2406; x_wconf 85' lang='lat' dir='ltr'><strong>ure</strong></span> <span class='ocrx_word' id='word_1_126' title='bbox 1075 2345 1186 2420; x_wconf 86' lang='lat' dir='ltr'><strong>antea,</strong></span> <span class='ocrx_word' id='word_1_127' title='bbox 1206 2335 1254 2407; x_wconf 86' lang='lat' dir='ltr'><strong>ita</strong></span> <span class='ocrx_word' id='word_1_128' title='bbox 1271 2359 1384 2430; x_wconf 80' lang='lat' dir='ltr'><strong>neque</strong></span> 
     </span>
     <span class='ocr_line' id='line_1_19' title="bbox 180 2443 1414 2546; baseline 0.003 -30"><span class='ocrx_word' id='word_1_129' title='bbox 180 2540 182 2546; x_wconf 13' lang='lat'><strong>¹</strong></span> <span class='ocrx_word' id='word_1_130' title='bbox 258 2461 334 2542; x_wconf 87' lang='lat' dir='ltr'><strong>post</strong></span> <span class='ocrx_word' id='word_1_131' title='bbox 354 2449 390 2518; x_wconf 88' lang='lat' dir='ltr'><strong>S.</strong></span> <span class='ocrx_word' id='word_1_132' title='bbox 411 2445 561 2530; x_wconf 85' lang='lat' dir='ltr'><strong>PiumV</strong></span> <span class='ocrx_word' id='word_1_133' title='bbox 586 2443 657 2522; x_wconf 80' lang='lat' dir='ltr'><strong>sedi</strong></span> <span class='ocrx_word' id='word_1_134' title='bbox 675 2444 877 2538; x_wconf 79' lang='lat' dir='ltr'><strong>Apostolicae</strong></span> <span class='ocrx_word' id='word_1_135' title='bbox 894 2462 1065 2522; x_wconf 81' lang='lat' dir='ltr'><strong>reservata</strong></span> <span class='ocrx_word' id='word_1_136' title='bbox 1082 2447 1148 2519; x_wconf 87' lang='lat' dir='ltr'><strong>fuit</strong></span> <span class='ocrx_word' id='word_1_137' title='bbox 1171 2448 1386 2524; x_wconf 79' lang='lat' dir='ltr'><strong>immutatio·</strong></span> <span class='ocrx_word' id='word_1_138' title='bbox 1406 2480 1414 2497; x_wconf 93' lang='lat'>·</span> 
     </span>
     <span class='ocr_line' id='line_1_20' title="bbox 259 2557 893 2643; baseline -0.005 -8"><span class='ocrx_word' id='word_1_139' title='bbox 259 2587 342 2643; x_wconf 83' lang='lat' dir='ltr'><strong>num</strong></span> <span class='ocrx_word' id='word_1_140' title='bbox 357 2557 719 2633; x_wconf 78' lang='lat' dir='ltr'><strong>uon-substautialium</strong></span> <span class='ocrx_word' id='word_1_141' title='bbox 735 2557 893 2636; x_wconf 80' lang='lat' dir='ltr'><strong>facultas.</strong></span> 
     </span>
    </p>

    <p class='ocr_par' dir='ltr' id='par_1_3' title="bbox 255 2674 1387 3117">
     <span class='ocr_line' id='line_1_21' title="bbox 308 2674 1386 2770; baseline 0.001 -21"><span class='ocrx_word' id='word_1_142' title='bbox 308 2675 510 2749; x_wconf 86' lang='lat' dir='ltr'><strong>Addidimus</strong></span> <span class='ocrx_word' id='word_1_143' title='bbox 530 2693 641 2748; x_wconf 79' lang='lat' dir='ltr'><strong>tamen</strong></span> <span class='ocrx_word' id='word_1_144' title='bbox 664 2676 698 2746; x_wconf 87' lang='lat' dir='ltr'><strong>io</strong></span> <span class='ocrx_word' id='word_1_145' title='bbox 721 2674 826 2760; x_wconf 85' lang='lat' dir='ltr'><strong>thesi,</strong></span> <span class='ocrx_word' id='word_1_146' title='bbox 850 2675 952 2748; x_wconf 73' lang='lat' dir='ltr'><strong>saluit</strong></span> <span class='ocrx_word' id='word_1_147' title='bbox 963 2675 1202 2770; x_wconf 68' lang='lat' dir='ltr'><strong>prohibeam</strong></span> <span class='ocrx_word' id='word_1_148' title='bbox 1221 2677 1386 2750; x_wconf 78' lang='lat' dir='ltr'><strong>calendo-</strong></span> 
     </span>
     <span class='ocr_line' id='line_1_22' title="bbox 255 2789 1384 2885; baseline 0.004 -25"><span class='ocrx_word' id='word_1_149' title='bbox 255 2794 322 2865; x_wconf 82' lang='lat' dir='ltr'><strong>ui‘s</strong></span> <span class='ocrx_word' id='word_1_150' title='bbox 346 2815 437 2862; x_wconf 79' lang='lat' dir='ltr'><strong>uara</strong></span> <span class='ocrx_word' id='word_1_151' title='bbox 472 2789 594 2884; x_wconf 69' lang='lat' dir='ltr'><strong>affictis</strong></span> <span class='ocrx_word' id='word_1_152' title='bbox 618 2792 771 2885; x_wconf 81' lang='lat' dir='ltr'><strong>propria</strong></span> <span class='ocrx_word' id='word_1_153' title='bbox 803 2792 1016 2866; x_wconf 72' lang='lat' dir='ltr'><strong>auctoritare</strong></span> <span class='ocrx_word' id='word_1_154' title='bbox 1042 2791 1208 2864; x_wconf 72' lang='lat' dir='ltr'><strong>addendi.</strong></span> <span class='ocrx_word' id='word_1_155' title='bbox 1235 2797 1325 2866; x_wconf 85' lang='lat' dir='ltr'><strong>Nam</strong></span> <span class='ocrx_word' id='word_1_156' title='bbox 1348 2796 1384 2864; x_wconf 90' lang='lat' dir='ltr'><strong>io</strong></span> 
     </span>
     <span class='ocr_line' id='line_1_23' title="bbox 256 2897 1387 3002; baseline 0.005 -26"><span class='ocrx_word' id='word_1_157' title='bbox 256 2907 404 2983; x_wconf 77' lang='lat' dir='ltr'><strong>secunda</strong></span> <span class='ocrx_word' id='word_1_158' title='bbox 420 2906 652 3000; x_wconf 84' lang='lat' dir='ltr'><strong>propositione</strong></span> <span class='ocrx_word' id='word_1_159' title='bbox 664 2906 881 3000; x_wconf 71' lang='lat' dir='ltr'><strong>probavimus</strong></span> <span class='ocrx_word' id='word_1_160' title='bbox 900 2897 973 2977; x_wconf 83' lang='lat' dir='ltr'><strong>eam</strong></span> <span class='ocrx_word' id='word_1_161' title='bbox 992 2908 1261 3002; x_wconf 83' lang='lat' dir='ltr'><strong>prohibitionem</strong></span> <span class='ocrx_word' id='word_1_162' title='bbox 1274 2911 1323 2982; x_wconf 87' lang='lat' dir='ltr'><strong>ad</strong></span> <span class='ocrx_word' id='word_1_163' title='bbox 1334 2937 1387 2982; x_wconf 85' lang='lat' dir='ltr'><strong>ec-</strong></span> 
     </span>
     <span class='ocr_line' id='line_1_24' title="bbox 255 3019 1171 3117; baseline 0 -23"><span class='ocrx_word' id='word_1_164' title='bbox 255 3023 382 3109; x_wconf 79' lang='lat' dir='ltr'><strong>clesias,</strong></span> <span class='ocrx_word' id='word_1_165' title='bbox 399 3023 535 3117; x_wconf 88' lang='lat' dir='ltr'><strong>propria</strong></span> <span class='ocrx_word' id='word_1_166' title='bbox 549 3019 686 3115; x_wconf 84' lang='lat' dir='ltr'><strong>liturgia</strong></span> <span class='ocrx_word' id='word_1_167' title='bbox 697 3021 847 3116; x_wconf 79' lang='lat' dir='ltr'><strong>legitime</strong></span> <span class='ocrx_word' id='word_1_168' title='bbox 864 3037 1009 3110; x_wconf 78' lang='lat' dir='ltr'><strong>utentes,</strong></span> <span class='ocrx_word' id='word_1_169' title='bbox 1023 3025 1171 3098; x_wconf 71' lang='lat' dir='ltr'><strong>artaudi.</strong></span> 
     </span>
    </p>

    <p class='ocr_par' dir='ltr' id='par_1_4' title="bbox 257 3135 1386 3582">
     <span class='ocr_line' id='line_1_25' title="bbox 307 3135 1385 3236; baseline 0.004 -28"><span class='ocrx_word' id='word_1_170' title='bbox 307 3143 391 3208; x_wconf 86' lang='lat' dir='ltr'><strong>Item</strong></span> <span class='ocrx_word' id='word_1_171' title='bbox 422 3135 627 3227; x_wconf 84' lang='lat' dir='ltr'><strong>addidimus,</strong></span> <span class='ocrx_word' id='word_1_172' title='bbox 657 3136 758 3215; x_wconf 70' lang='lat' dir='ltr'><strong>salua</strong></span> <span class='ocrx_word' id='word_1_173' title='bbox 795 3136 1007 3236; x_wconf 75' lang='lat' dir='ltr'><strong>obligatcirue</strong></span> <span class='ocrx_word' id='word_1_174' title='bbox 1034 3138 1237 3215; x_wconf 77' lang='lat' dir='ltr'><strong>celebrandi</strong></span> <span class='ocrx_word' id='word_1_175' title='bbox 1264 3140 1385 3236; x_wconf 82' lang='lat' dir='ltr'><strong>officia</strong></span> 
     </span>
     <span class='ocr_line' id='line_1_26' title="bbox 257 3249 1386 3349; baseline 0.002 -25"><span class='ocrx_word' id='word_1_176' title='bbox 257 3253 452 3327; x_wconf 74' lang='lat' dir='ltr'><strong>universali</strong></span> <span class='ocrx_word' id='word_1_177' title='bbox 458 3251 626 3327; x_wconf 68' lang='lat' dir='ltr'><strong>aeclesia</strong></span> <span class='ocrx_word' id='word_1_178' title='bbox 635 3249 701 3322; x_wconf 80' lang='lat' dir='ltr'><strong>sud</strong></span> <span class='ocrx_word' id='word_1_179' title='bbox 708 3268 888 3348; x_wconf 68' lang='lat' dir='ltr'><strong>praerapto</strong></span> <span class='ocrx_word' id='word_1_180' title='bbox 898 3277 1083 3344; x_wconf 63' lang='lat' dir='ltr'><strong>corruerem</strong></span> <span class='ocrx_word' id='word_1_181' title='bbox 1094 3257 1386 3349; x_wconf 85' lang='lat' dir='ltr'><strong>quia‚utiotertia</strong></span> 
     </span>
     <span class='ocr_line' id='line_1_27' title="bbox 259 3367 1386 3468; baseline 0.002 -28"><span class='ocrx_word' id='word_1_182' title='bbox 259 3370 492 3464; x_wconf 82' lang='lat' dir='ltr'><strong>propositione</strong></span> <span class='ocrx_word' id='word_1_183' title='bbox 507 3383 678 3444; x_wconf 68' lang='lat' dir='ltr'><strong>auersum</strong></span> <span class='ocrx_word' id='word_1_184' title='bbox 694 3383 757 3456; x_wconf 88' lang='lat' dir='ltr'><strong>est,</strong></span> <span class='ocrx_word' id='word_1_185' title='bbox 774 3367 831 3439; x_wconf 90' lang='lat' dir='ltr'><strong>illa</strong></span> <span class='ocrx_word' id='word_1_186' title='bbox 850 3369 1012 3464; x_wconf 77' lang='lat' dir='ltr'><strong>obligatio</strong></span> <span class='ocrx_word' id='word_1_187' title='bbox 1026 3369 1186 3446; x_wconf 75' lang='lat' dir='ltr'><strong>dioceses</strong></span> <span class='ocrx_word' id='word_1_188' title='bbox 1200 3374 1303 3444; x_wconf 81' lang='lat' dir='ltr'><strong>etiam</strong></span> <span class='ocrx_word' id='word_1_189' title='bbox 1315 3399 1386 3468; x_wconf 86' lang='lat' dir='ltr'><strong>pro·</strong></span> 
     </span>
     <span class='ocr_line' id='line_1_28' title="bbox 258 3482 982 3582; baseline -0.001 -25"><span class='ocrx_word' id='word_1_190' title='bbox 258 3486 333 3580; x_wconf 88' lang='lat' dir='ltr'><strong>pria</strong></span> <span class='ocrx_word' id='word_1_191' title='bbox 349 3483 487 3580; x_wconf 77' lang='lat' dir='ltr'><strong>liturgia</strong></span> <span class='ocrx_word' id='word_1_192' title='bbox 507 3482 655 3578; x_wconf 78' lang='lat' dir='ltr'><strong>legitima</strong></span> <span class='ocrx_word' id='word_1_193' title='bbox 675 3497 809 3560; x_wconf 77' lang='lat' dir='ltr'><strong>utentes</strong></span> <span class='ocrx_word' id='word_1_194' title='bbox 826 3486 982 3582; x_wconf 76' lang='lat' dir='ltr'><strong>attingit.</strong></span> 
     </span>
    </p>
   </div>
   <div class='ocr_carea' id='block_1_3' title="bbox 781 3743 871 3834">
    <p class='ocr_par' dir='ltr' id='par_1_5' title="bbox 781 3743 871 3834">
     <span class='ocr_line' id='line_1_29' title="bbox 781 3743 871 3834; baseline 0 -24"><span class='ocrx_word' id='word_1_195' title='bbox 781 3743 871 3834; x_wconf 63' lang='lat' dir='ltr'><strong>pv.</strong></span> 
     </span>
    </p>
   </div>
   <div class='ocr_carea' id='block_1_4' title="bbox 259 3962 1384 4137">
    <p class='ocr_par' dir='ltr' id='par_1_6' title="bbox 259 3962 1384 4137">
     <span class='ocr_line' id='line_1_30' title="bbox 259 3962 1384 4040; baseline 0.002 -20"><span class='ocrx_word' id='word_1_196' title='bbox 259 3963 290 4022; x_wconf 84' lang='lat' dir='ltr'><strong>lu</strong></span> <span class='ocrx_word' id='word_1_197' title='bbox 302 3962 447 4038; x_wconf 75' lang='lat' dir='ltr'><strong>pumotm</strong></span> <span class='ocrx_word' id='word_1_198' title='bbox 460 3963 666 4038; x_wconf 59' lang='lat' dir='ltr'><strong>inportunius</strong></span> <span class='ocrx_word' id='word_1_199' title='bbox 677 3962 826 4036; x_wconf 67' lang='lat' dir='ltr'><strong>liturgiam</strong></span> <span class='ocrx_word' id='word_1_200' title='bbox 841 3962 925 4036; x_wconf 65' lang='lat' dir='ltr'><strong>amru</strong></span> <span class='ocrx_word' id='word_1_201' title='bbox 946 3963 1063 4040; x_wconf 77' lang='lat' dir='ltr'><strong>ecclosias</strong></span> <span class='ocrx_word' id='word_1_202' title='bbox 1079 3983 1145 4038; x_wconf 75' lang='lat' dir='ltr'><strong>prro,</strong></span> <span class='ocrx_word' id='word_1_203' title='bbox 1164 3983 1225 4022; x_wconf 82' lang='lat' dir='ltr'><strong>auro</strong></span> <span class='ocrx_word' id='word_1_204' title='bbox 1237 3973 1384 4022; x_wconf 69' lang='lat' dir='ltr'><strong>tererentur</strong></span> 
     </span>
     <span class='ocr_line' id='line_1_31' title="bbox 295 4049 1350 4137; baseline 0.009 -31"><span class='ocrx_word' id='word_1_205' title='bbox 295 4052 450 4108; x_wconf 80' lang='lat' dir='ltr'><strong>breviarium</strong></span> <span class='ocrx_word' id='word_1_206' title='bbox 463 4060 487 4108; x_wconf 88' lang='lat' dir='ltr'><strong>ot</strong></span> <span class='ocrx_word' id='word_1_207' title='bbox 500 4051 644 4111; x_wconf 78' lang='lat' dir='ltr'><strong>missales.</strong></span> <span class='ocrx_word' id='word_1_208' title='bbox 659 4052 699 4106; x_wconf 87' lang='lat' dir='ltr'><strong>Pii</strong></span> <span class='ocrx_word' id='word_1_209' title='bbox 712 4049 736 4108; x_wconf 82' lang='lat' dir='ltr'><strong>V</strong></span> <span class='ocrx_word' id='word_1_210' title='bbox 750 4052 902 4137; x_wconf 55' lang='lat' dir='ltr'><strong>amplexati,</strong></span> <span class='ocrx_word' id='word_1_211' title='bbox 913 4051 1014 4112; x_wconf 83' lang='lat' dir='ltr'><strong>decreto</strong></span> <span class='ocrx_word' id='word_1_212' title='bbox 1026 4054 1105 4113; x_wconf 84' lang='lat' dir='ltr'><strong>Piero</strong></span> <span class='ocrx_word' id='word_1_213' title='bbox 1118 4073 1169 4110; x_wconf 84' lang='lat' dir='ltr'><strong>nou</strong></span> <span class='ocrx_word' id='word_1_214' title='bbox 1186 4054 1350 4115; x_wconf 79' lang='lat' dir='ltr'><strong>obedierunt.</strong></span> 
     </span>
    </p>
   </div>
   <div class='ocr_carea' id='block_1_5' title="bbox 259 4273 1382 4492">
    <p class='ocr_par' dir='ltr' id='par_1_7' title="bbox 259 4273 1382 4492">
     <span class='ocr_line' id='line_1_32' title="bbox 308 4273 1381 4374; baseline 0.001 -25"><span class='ocrx_word' id='word_1_215' title='bbox 308 4275 448 4370; x_wconf 86' lang='lat' dir='ltr'><strong>Triplici</strong></span> <span class='ocrx_word' id='word_1_216' title='bbox 467 4273 568 4350; x_wconf 86' lang='lat' dir='ltr'><strong>modo</strong></span> <span class='ocrx_word' id='word_1_217' title='bbox 583 4274 716 4348; x_wconf 82' lang='lat' dir='ltr'><strong>evenire</strong></span> <span class='ocrx_word' id='word_1_218' title='bbox 732 4273 845 4374; x_wconf 84' lang='lat' dir='ltr'><strong>potuit</strong></span> <span class='ocrx_word' id='word_1_219' title='bbox 863 4287 901 4348; x_wconf 90' lang='lat' dir='ltr'><strong>ut</strong></span> <span class='ocrx_word' id='word_1_220' title='bbox 916 4273 1012 4350; x_wconf 76' lang='lat' dir='ltr'><strong>diota</strong></span> <span class='ocrx_word' id='word_1_221' title='bbox 1027 4274 1173 4354; x_wconf 74' lang='lat' dir='ltr'><strong>ecclesia</strong></span> <span class='ocrx_word' id='word_1_222' title='bbox 1186 4276 1252 4373; x_wconf 74' lang='lat' dir='ltr'><strong>legi</strong></span> <span class='ocrx_word' id='word_1_223' title='bbox 1268 4279 1381 4353; x_wconf 81' lang='lat' dir='ltr'><strong>Pianae</strong></span> 
     </span>
     <span class='ocr_line' id='line_1_33' title="bbox 259 4388 1382 4492; baseline 0.002 -30"><span class='ocrx_word' id='word_1_224' title='bbox 259 4417 328 4462; x_wconf 84' lang='lat' dir='ltr'><strong>nou</strong></span> <span class='ocrx_word' id='word_1_225' title='bbox 352 4391 552 4492; x_wconf 84' lang='lat' dir='ltr'><strong>paruerint:</strong></span> <span class='ocrx_word' id='word_1_226' title='bbox 575 4388 609 4458; x_wconf 89' lang='lat'><strong>1⁰</strong></span> <span class='ocrx_word' id='word_1_227' title='bbox 630 4388 766 4482; x_wconf 75' lang='lat' dir='ltr'><strong>scilicet,</strong></span> <span class='ocrx_word' id='word_1_228' title='bbox 783 4389 961 4466; x_wconf 85' lang='lat' dir='ltr'><strong>retinendo</strong></span> <span class='ocrx_word' id='word_1_229' title='bbox 978 4393 1151 4488; x_wconf 76' lang='lat' dir='ltr'><strong>proprium</strong></span> <span class='ocrx_word' id='word_1_230' title='bbox 1173 4394 1331 4469; x_wconf 86' lang='lat' dir='ltr'><strong>breviarii</strong></span> <span class='ocrx_word' id='word_1_231' title='bbox 1348 4409 1382 4469; x_wconf 87' lang='lat' dir='ltr'><strong>et</strong></span> 
     </span>
    </p>
   </div>
   <div class='ocr_carea' id='block_1_6' title="bbox 0 0 1511 5070">
    <p class='ocr_par' dir='ltr' id='par_1_8' title="bbox 0 0 1511 5070">
     <span class='ocr_line' id='line_1_34' title="bbox 0 0 1511 5070; baseline 0 0"><span class='ocrx_word' id='word_1_232' title='bbox 0 0 1511 5070; x_wconf 95' lang='lat' dir='ltr'><strong> </strong></span> 
     </span>
    </p>
   </div>
  </div>
 </body>
</html>
