2978 5076
485 383 530 429 ns
554 381 642 430 suar
667 383 873 432 struncrco.
1169 362 1241 438 253

162 507 339 580 Praeallata
365 507 551 580 declaratio
575 524 689 604 postca
710 508 842 579 firmata
859 524 908 579 est
929 509 1065 580 decreto
1078 511 1239 604 generali,

110 625 218 722 (apud
243 623 480 696 Gardelliuum
497 649 638 695 numero
664 622 773 711 4581,
798 639 880 694 tom.
909 629 1005 714 VIII,
1031 651 1107 722 pag.
1133 627 1238 724 198);

110 741 173 810 ubi
193 738 298 809 relata
316 755 468 834 utsupra
484 743 594 811 Sacrae
616 739 897 836 congregationis
915 739 1094 831 decisione,
1106 742 1153 812 ita
1165 743 1244 812 sub·

108 857 297 952 junguur:

166 999 185 1036 ιι
200 969 404 1066 Hujusmodi
426 967 645 1041 declarationi
660 969 799 1040 minime
822 970 1073 1065 acquiescentes
1093 974 1153 1068 qui
1174 975 1253 1069 pri·.

112 1115 130 1148 ιι
145 1085 249 1153 mitus
267 1084 516 1180 supplicarunt,
533 1101 568 1154 et
580 1085 687 1180 probe
703 1109 780 1154 cum
796 1083 988 1179 intelligant
1001 1101 1124 1158 contra
1137 1087 1244 1184 legem

114 1231 131 1265 ιι
147 1201 246 1272 latam
266 1227 333 1270 non
352 1226 422 1271 esse
445 1200 559 1296 aliquo
575 1215 701 1271 conatu
723 1200 959 1297 pugnandum,
987 1200 1109 1271 iteruin
1133 1217 1245 1274 tamen

114 1345 132 1380 ιι
148 1315 358 1403 institerunt,
379 1341 449 1410 quo
474 1315 665 1386 traderetur
690 1315 812 1386 modus
830 1330 865 1385 et
887 1315 995 1386 forma
1014 1315 1127 1411 quoad
1145 1341 1244 1388 usum

116 1430 346 1500 «eorumdem
371 1429 549 1521 librorum,
581 1431 664 1525 quin
696 1431 842 1502 inllictas
871 1456 986 1525 poenas
1015 1431 1083 1501 ulla
1116 1435 1247 1506 ratione

116 1576 134 1611 ιι
148 1547 224 1640 quis
259 1547 292 1616 in
328 1571 364 1616 se
389 1559 603 1616 convertat...
629 1547 897 1642 Congregatio...
934 1547 1185 1619 rescribendum
1206 1573 1247 1620 ac

116 1660 396 1730 «decernendum
425 1660 555 1730 censuit
581 1687 590 1730 :
619 1665 735 1731 Detur
746 1659 917 1759 generale
941 1659 1119 1732 decretum
1134 1663 1246 1760 jueta

115 1789 310 1845 unientem.
327 1777 426 1846 Mens
447 1790 509 1864 est,
530 1791 567 1845 ut
585 1774 746 1847 ordinarii
771 1774 923 1846 locorum
945 1801 1007 1871 pro
1026 1801 1088 1846 suo
1108 1803 1247 1850 munere

118 1891 341 1986 «invigilent,
372 1905 410 1960 ut
439 1891 554 1960 denuo
585 1916 652 1960 nou
685 1889 855 1961 cudantur
883 1891 1071 1986 supradicti
1096 1892 1246 1990 liturgici

116 2037 133 2070 ιι
148 2005 227 2075 libri
249 2007 322 2076 sine
348 2007 564 2078 attestatione
591 2032 609 2075 a
632 2006 815 2102 pontificiis
833 2007 1138 2079 constitutionibus
1160 2035 1247 2104 prae·

117 2152 135 2186 ιι
148 2124 309 2216 scripta...
325 2121 375 2192 Ad
394 2120 664 2217 praecludendam
693 2120 830 2190 demum
850 2145 985 2190 omnem
1005 2123 1094 2191 viam
1113 2124 1248 2195 dubita·

118 2267 136 2302 ιι
150 2239 254 2306 tionis
286 2237 551 2332 tradendumque
588 2237 668 2332 ipsis
703 2235 883 2306 ordinariis
915 2249 1043 2308 certam
1078 2239 1245 2334 regulam,

117 2353 351 2449 «typographi
380 2353 527 2424 Romani
546 2352 706 2447 deinceps
736 2365 815 2421 ante
844 2352 1098 2447 impressionem
1124 2354 1247 2425 borum

118 2499 135 2534 ιι
148 2469 313 2538 librorum
335 2483 517 2539 teneantur
537 2469 669 2538 veniam
693 2493 713 2539 a
731 2471 832 2540 Sacra
847 2469 1121 2564 congregatione
1136 2471 1249 2567 impe·

116 2613 133 2648 ιι
148 2599 253 2670 trare,
265 2581 423 2678 illiusque
434 2585 594 2655 revisioni
613 2585 792 2679 subjicere,
815 2597 849 2654 et
862 2585 1078 2656 attestatione
1096 2586 1248 2682 ejusdem

116 2700 321 2770 «secretarii
336 2701 481 2770 munire.
498 2706 609 2794 Atque
631 2701 678 2770 ita
701 2698 885 2770 declaravit
905 2725 946 2771 ac
963 2703 1088 2771 servari
1108 2703 1249 2774 manda·

119 2844 135 2878 ιι
149 2815 214 2883 vit.
235 2813 301 2884 Die
319 2811 366 2884 26
389 2813 504 2909 aprilis
529 2813 666 2900 1834.»

168 2928 220 2997 Ad
236 2928 401 2998 dubium:
428 2957 445 2992 ιι
463 2935 515 2999 An
540 2928 637 2998 liceat
663 2929 711 2997 nti
732 2927 916 3014 breviariis,
939 2930 1140 3017 missalibus,
1155 2930 1248 3001 aliis·

119 3075 136 3109 ιι
154 3069 221 3138 que
238 3044 339 3138 lmjus
362 3045 493 3139 generis
507 3046 609 3113 sacris
630 3042 736 3130 libris,
756 3043 814 3137 qui
835 3067 902 3112 nou
928 3067 1047 3136 praese
1065 3044 1181 3116 ferunt
1197 3071 1248 3116 re·
1270 3138 1274 3145 ι

118 3187 137 3221 ιι
154 3159 294 3252 quisitas
318 3181 337 3226 a
367 3157 549 3253 pontificiis
571 3157 873 3227 constitutionibus
891 3155 1142 3228 ordinariorum
1161 3173 1247 3231 atte·

118 3273 324 3360 «stationes,
342 3271 481 3367 perinde
495 3297 533 3343 ac
552 3274 579 3342 si
600 3297 663 3368 per
681 3273 969 3367 praescriptionem
992 3273 1247 3345 incontrarium

118 3417 135 3453 ιι
152 3402 347 3457 memoratae
366 3387 625 3458 constitutiones
642 3389 771 3458 censeri
792 3387 939 3458 debeant
961 3413 1029 3458 non
1046 3388 1193 3485 amplius
1212 3390 1247 3460 iu

118 3533 135 3567 ιι
153 3526 217 3572 suo
233 3503 357 3572 robore
373 3503 636 3598 permanentes?
656 3543 705 3557 -
725 3507 828 3574 Sacra
843 3504 1108 3598 Congregatio...
1131 3503 1248 3574 rescri-

119 3647 137 3682 ιι
155 3617 304 3688 bendum
336 3617 441 3688 edixit
464 3645 472 3688 ε
499 3623 660 3690 Servetur·
685 3619 855 3717 generale
885 3616 1061 3689 deeretrmz
1096 3615 1171 3687 diet
1200 3616 1249 3692 16

119 3761 136 3796 ιι
155 3731 283 3828 aprilis
308 3729 442 3819 1884...
472 3735 537 3804 Die
558 3735 597 3805 18
614 3733 763 3803 februari
786 3731 877 3819 1843
902 3731 1044 3829 »(dpud
1057 3731 1247 3803 Gardellini

120 3847 389 3938 111111111104811,
412 3863 495 3920 tom.
512 3851 607 3940 vtlt,
623 3873 700 3945 pag.
719 3846 816 3946 393).

170 3967 299 4032 lterum
327 3987 346 4032 e
372 3963 506 4034 dioe'cesi
532 3964 701 4036 Brixiensi
731 3965 903 4060 proposita
927 3963 1049 4034 similia
1075 3962 1178 4034 dubia
1201 3987 1248 4062 27

119 4078 283 4148 februarii
302 4079 413 4178 1847;
431 4079 523 4150 etad
544 4078 719 4175 praefatum
744 4077 899 4176 generale
918 4077 1093 4149 decretum
1111 4105 1132 4150 a
1155 4103 1250 4152 sacra

119 4194 396 4290 Congregatione
431 4195 607 4265 remissum
635 4209 686 4265 est
724 4195 776 4292 (in
807 4191 1250 4266 GardellianaCollectioue

124 4335 158 4378 n.
179 4307 385 4404 4913,10111.
400 4312 497 4399 VIII,
515 4335 592 4407 pag.
607 4310 708 4406 461).

174 4427 268 4520 Ergo
289 4449 405 4496 revera
424 4425 521 4498 dictae
542 4426 593 4497 Pii
611 4430 643 4498 V
664 4439 698 4496 et
726 4425 854 4498 Urbani
878 4427 964 4497 VIII
987 4421 1252 4496 constitutiones
