3018 5070
489 410 536 456 os
561 411 649 459 suar
675 411 884 462 niroacrco.
1201 398 1245 479 lt!

124 570 142 607 e
158 551 376 624 mentorum,
400 535 584 607 Ecclesiam
612 563 744 635 semper
770 565 843 611 eam
875 541 1062 611 doctrinam
1094 541 1191 611 dictis
1216 559 1251 613 et

124 683 140 720 a
157 654 257 723 factis
271 653 432 747 probasse
448 676 524 745 quae
545 670 636 724 certa
656 669 689 724 et
706 655 899 726 indubitata
922 672 990 745 est;
1014 670 1049 727 at
1064 681 1145 726 vero
1157 657 1251 750 quod

123 768 284 838 «attinet
308 767 352 836 ad
380 764 445 836 alia
469 767 718 858 accidentaria,
736 795 806 838 non
833 771 974 839 omnino
1003 770 1250 858 indubitatam,

126 883 218 952 asad
238 879 450 978 probabilem
471 882 668 977 opinionem
688 880 872 976 aliquando
894 886 928 952 in
955 885 1050 980 praxi
1075 901 1246 971 secutam,

125 995 288 1089 «aliquid
318 995 457 1084 fecisse,
487 997 619 1066 tametsi
659 1021 727 1066 non
762 1013 926 1093 tanquam
961 1014 1091 1068 certum
1128 999 1251 1094 dogma

126 1139 142 1175 a
159 1109 239 1178 fidei
257 1107 521 1178 declaraverit.»

170 1230 252 1294 Haec
273 1247 353 1292 vero
372 1224 541 1316 posterior
559 1225 737 1318 Vasquesii
765 1227 939 1319 responsio
967 1224 1146 1320 aequivalet
1168 1226 1249 1294 isti:

125 1339 255 1408 etiamsi
283 1361 378 1406 nono
402 1337 524 1406 saeculo
548 1337 752 1434 generaliter
779 1340 815 1409 in
846 1339 993 1409 Ecclesia
1012 1337 1176 1408 catholica
1200 1339 1251 1407 vi·

125 1455 251 1549 guisset
272 1452 384 1546 praxis
406 1451 607 1522 sacrificium
634 1477 696 1548 pro
715 1455 966 1523 catechumenis
986 1455 1123 1548 proprie
1142 1467 1177 1522 et
1203 1452 1254 1522 di·

125 1583 214 1638 recte
227 1567 410 1653 offerendi,
425 1592 493 1635 non
508 1566 666 1637 absolute
677 1563 832 1659 certum,
848 1569 906 1638 sed
917 1567 1107 1665 probabile
1120 1582 1251 1637 tanturn

126 1683 213 1752 soret
230 1706 329 1777 posse
350 1680 552 1750 sacrificium
572 1682 637 1750 hoc
660 1682 762 1751 modo
783 1682 916 1770 offerri3
935 1707 974 1751 eo
993 1682 1086 1776 quod
1104 1681 1252 1751 Ecclesia

126 1799 230 1893 possit
241 1799 439 1892 opinionem
453 1776 664 1892 probabilem
679 1813 832 1888 tantum,
849 1800 883 1866 in
896 1799 1129 1867 accidentariis
1146 1821 1254 1866 sacra·

127 1928 318 1983 mentorum
332 1913 439 2006 sequi.
456 1916 564 1982 Porro
583 1938 624 1982 ex
637 1937 675 1982 ea
692 1915 869 2007 Vasquesii
885 1914 1040 1983 doctrina
1053 1927 1267 2006 sequeretur

128 2054 195 2098 non
207 2051 306 2123 posse
326 2025 466 2122 aliquod
481 2027 607 2121 dogma
625 2053 666 2096 ex
681 2028 817 2122 liturgia
835 2028 1037 2118 universali,
1059 2027 1144 2096 illud
1164 2026 1253 2096 clare

128 2143 354 2239 exprimente,
370 2166 488 2210 verum
504 2142 746 2232 demonstrari,
764 2145 825 2212 nisi
841 2143 976 2212 aliunde
988 2156 1118 2212 constet
1130 2141 1255 2235 dogma

128 2256 211 2327 illud
237 2257 281 2326 ad
307 2255 509 2344 essentialia,
529 2271 564 2326 et
583 2281 652 2326 non
680 2258 723 2326 ad
748 2256 966 2326 accidentalia
999 2269 1154 2342 tanturn,
1174 2279 1253 2349 per·

129 2372 263 2468 tinere(
289 2372 315 2469 ).

175 2494 288 2580 Quem
312 2489 424 2561 locum
441 2491 618 2586 Vasquesii
633 2475 715 2562 citat
732 2495 870 2581 Veron,
887 2492 968 2560 dum
988 2491 1022 2559 in
1042 2513 1102 2558 sua
1117 2487 1253 2587 Regula

119 2602 214 2694 fidei
230 2606 369 2698 (caput.
388 2609 401 2674 l
412 2608 461 2698 ,s
484 2609 530 2690 lp,
553 2605 593 2674 n⁰
618 2605 662 2700 li)
682 2607 825 2675 sustinet
847 2630 944 2699 posse
958 2604 1104 2698 aliquam
1121 2603 1257 2672 univer·

129 2717 230 2787 saleru
256 2717 412 2788 Ecclesiae
432 2719 563 2813 praxim
583 2719 717 2788 fundari
741 2720 901 2814 opinione
922 2734 1053 2788 tantum
1074 2715 1253 2811 probabili.

129 2832 289 2924 Ejusdem
316 2847 428 2903 autem
468 2835 658 2928 systematis
674 2835 809 2902 tramite
839 2831 996 2901 incedens
1014 2834 1067 2900 De
1083 2829 1114 2899 la
1133 2833 1255 2924 Hogue

165 3108 203 3180 (l)
222 3107 262 3163 Eo
281 3126 355 3163 sensu
369 3107 486 3164 Ecclesia
498 3105 637 3181 aliqnando
650 3107 765 3180 sequitur
782 3105 928 3180 opinionem
940 3103 1096 3179 probabilem
1113 3103 1178 3158 circa
1192 3101 1256 3158 ritus
1272 3170 1275 3177 λ

131 3197 337 3264 sacramentales,
349 3197 417 3270 quod
433 3197 466 3251 ad
477 3198 556 3251 tutius
574 3195 721 3270 praescribat
732 3213 774 3250 eos
787 3195 864 3250 etiarn
875 3193 1000 3267 adhiberi,
1012 3193 1055 3267 qui
1070 3211 1119 3248 non
1132 3191 1181 3246 nisi
1194 3210 1258 3265 pro-

130 3284 250 3340 babiliter
261 3284 294 3339 ad
308 3287 422 3342 valorem
435 3286 588 3342 sacramenti
601 3285 779 3358 requirantur.
795 3283 850 3352 Sic,
867 3284 937 3338 verbi
953 3284 1042 3356 gratia
1056 3283 1085 3336 in
1101 3287 1257 3336 sacramento

131 3375 331 3430 confirmationis
341 3375 415 3450 jubet
433 3375 489 3431 lieri
504 3375 711 3431 chrismationem
725 3382 751 3429 et
762 3391 885 3428 manuum
899 3372 1096 3446 impositionem,
1106 3370 1166 3424 licet
1177 3367 1258 3423 indu-

131 3461 209 3517 bitata
223 3483 275 3519 nou
294 3465 327 3519 sit
345 3465 477 3538 utriusque
501 3465 565 3519 ritus
579 3463 612 3518 ad
634 3462 783 3518 sacramenti
804 3462 916 3516 valorem
938 3460 1084 3513 necessitas.
1099 3457 1133 3510 At
1145 3456 1208 3511 dum
1222 3456 1258 3509 ita

131 3553 273 3625 prescribit
287 3560 312 3607 et
325 3553 352 3607 iu
372 3553 445 3627 praxi
465 3571 519 3608 rem
534 3551 743 3607 sacramentalem
757 3549 866 3624 peragit,
881 3547 1024 3602 nullatenus
1036 3544 1152 3617 liturgica
1171 3543 1258 3617 expri-

131 3641 179 3694 mit
191 3648 217 3695 et
230 3641 376 3714 profitetur,
387 3641 466 3696 talem
485 3639 598 3696 ettalem
616 3639 696 3694 ritum
709 3655 763 3694 esse
781 3637 814 3692 de
832 3636 980 3691 necessitate
997 3634 1031 3689 ad
1041 3633 1153 3688 valorem
1171 3649 1258 3687 sacra-

131 3731 211 3784 menti
224 3729 411 3784 adbibendum.
430 3729 466 3785 At
479 3747 540 3784 vero
552 3728 614 3783 dum
632 3728 747 3784 Ecclesia
765 3728 793 3784 ia
814 3744 860 3782 sua
873 3724 977 3798 liturgia
998 3723 1135 3780 universali
1153 3720 1258 3794 aliquod

132 3815 225 3890 dogma
238 3817 306 3872 clare
318 3818 439 3891 exprimit
451 3824 477 3872 et
491 3817 635 3890 profitetur,
650 3835 783 3890 nunquam
794 3815 910 3888 sequitur
921 3813 1067 3888 opinionem
1080 3809 1256 3884 probabilem

132 3907 230 3961 etiamsi
248 3907 297 3960 tale
309 3904 402 3978 dogma
418 3907 543 3980 exprimat
555 3923 601 3980 per
609 3904 688 3959 ritum
700 3904 732 3958 ad
749 3903 884 3958 essentiam
895 3901 1046 3955 sacramenti
1060 3917 1110 3952 nou
1127 3897 1258 3970 pertinen·

131 4003 195 4050 tem.
219 3995 299 4061 Dum,
313 3995 385 4049 verbi
401 3995 492 4068 gratia,
508 3995 535 4048 ia
553 3993 704 4066 baptismate
724 3992 910 4047 exsufflationes
923 3998 950 4044 et
969 3988 1113 4043 orationum
1137 3985 1258 4040 formatas

131 4082 236 4137 adhibet
249 4083 282 4138 ad
293 4083 441 4156 pellendum
456 4084 608 4151 damonem,
623 4089 692 4138 certa
704 4081 743 4146 lit,
755 4090 782 4136 et
793 4099 844 4135 nou
857 4087 955 4133 tantum
967 4077 1114 4151 probabilis,
1129 4075 1192 4130 lides
1206 4073 1271 4128 Eo·.

69 4165 72 4174 ¹
131 4169 216 4224 clesiae
230 4170 262 4225 da
279 4171 413 4244 prasentia
423 4171 545 4226 demonis
558 4179 584 4225 et
595 4170 692 4244 peccati
704 4168 835 4241 originalis
849 4168 876 4222 in
891 4185 970 4241 puero
984 4184 1073 4220 recens
1087 4170 1146 4218 nato
1156 4172 1181 4218 et
1194 4180 1260 4218 nou-

132 4255 196 4312 dum
208 4257 347 4331 baptizato.
361 4257 426 4313 ltem
438 4260 459 4313 si
469 4257 584 4313 Ecclesia
593 4257 717 4313 catholica
732 4255 835 4331 proprie
845 4262 870 4310 et
880 4249 976 4309 directe
987 4252 1140 4308 sacrificium
1155 4252 1258 4306 offerret

131 4365 179 4420 pro
194 4348 383 4405 catechumenis
393 4349 456 4404 viris
471 4357 496 4406 et
507 4348 643 4418 defunctis,
659 4356 758 4404 certum
771 4345 830 4402 inde
846 4347 928 4414 lieret,
947 4362 1021 4419 posse
1032 4341 1080 4399 boc
1092 4340 1168 4397 modo
1180 4340 1258 4394 saeri-

132 4435 221 4492 ficium
234 4437 332 4494 offerri.
