2982 5072
242 356 306 428 160
695 373 898 421 rnamsrns

234 539 251 572 ιι
266 509 388 590 cimus,
409 505 462 576 rel
479 505 523 575 de
540 502 705 600 geniculis
723 503 879 571 adorare.
900 501 1027 570 Eadm
1047 502 1292 572 immunitatea
1307 504 1362 576 die

234 655 251 690 ι
266 624 401 694 Paschae
414 623 449 690 iu
467 625 689 690 Pentecosten
704 643 811 710 nsque
824 617 1024 711 gandemus.
1045 616 1170 687 Calicis
1183 634 1244 687 aut
1263 621 1362 690 Panis

235 769 253 804 ιι
266 738 367 806 etiam
385 737 492 804 nostri
508 733 639 828 aliquid
660 733 777 802 decuti
799 733 833 800 in
852 745 978 800 terram
999 729 1099 800 anxie
1123 733 1288 827 patimur.
1308 735 1361 804 Ad

236 881 252 914 ι
266 875 404 920 omnem
427 873 646 944 progressum
668 863 774 942 atque
791 861 1002 942 promotum,
1019 847 1065 916 ad
1078 873 1214 917 omnem
1230 848 1360 918 aditum

235 996 253 1030 ι
267 981 304 1036 et
325 967 465 1052 exitum,
489 965 535 1035 ad
556 965 728 1048 vestitum,
757 964 801 1034 ad
823 963 1016 1049 calciatum,
1042 963 1087 1033 ad
1114 964 1299 1048 lavacrum,
1319 965 1362 1035 ad

236 1112 254 1146 ιι
267 1105 414 1169 mensas,
430 1081 474 1150 ad
493 1080 637 1168 lumina,
666 1079 710 1149 ad
732 1077 906 1166 cubicula,
924 1078 969 1148 ad
996 1079 1127 1168 sedilia,
1148 1105 1362 1174 quacumque

237 1226 254 1260 ιι
271 1223 332 1266 nos
351 1197 565 1266 conversatio
583 1209 729 1286 exercet,
760 1195 912 1264 frontem
941 1195 1051 1263 crucis
1078 1193 1255 1288 signaculo
1279 1197 1361 1264 teri·

236 1340 253 1374 ιι
267 1337 354 1380 mus.
366 1316 497 1380 Harum
509 1327 545 1381 et
559 1310 701 1381 aliarum
718 1309 912 1402 hujusmodi
931 1308 1189 1404 disciplinarum
1206 1312 1234 1378 si
1253 1309 1360 1405 legem

236 1454 256 1488 ιι
270 1424 460 1520 expostules
485 1427 751 1520 Scripturarnm,
777 1424 906 1494 nullam
938 1427 1089 1494 invenies
1109 1425 1276 1494 :traditio
1300 1426 1362 1494 tibi

236 1573 253 1604 ι
271 1541 500 1637 pretendetur
531 1543 676 1628 auctrix,
703 1541 916 1610 consuetudo
937 1541 1188 1630 confirmatrix,
1218 1555 1252 1609 et
1278 1540 1362 1611 fides

237 1687 255 1720 ιι
271 1657 482 1726 observatrix
499 1685 514 1720 ιι
539 1656 597 1750 (de
608 1659 746 1726 Cmona
757 1655 889 1741 militis,
907 1681 981 1750 cap.
1002 1655 1050 1751 3).
1066 1657 1118 1726 lbi
1133 1655 1362 1727 Tertullianus

237 1771 360 1842 inultas
379 1786 558 1844 enumerat
571 1771 674 1842 etiam
693 1772 783 1842 cirea
801 1770 948 1867 liturgiae
961 1771 1201 1842 accidentalem
1214 1771 1361 1842 formam

239 1887 327 1982 leges
354 1911 413 1956 sen
438 1886 583 1982 regulas,
611 1912 696 1981 quas
737 1888 780 1955 ab
807 1886 978 1982 Apostolis
1004 1887 1146 1957 traditas
1172 1888 1360 1958 contendit.

237 2009 399 2098 Dumque
425 2003 519 2074 alus
545 2001 751 2098 hujusmodi
773 2001 980 2100 discipulatus
1007 2029 1071 2072 suo
1097 2017 1250 2098 tempore
1274 2005 1361 2073 exti-

153 2147 155 2152 ’
239 2121 317 2190 tisse
335 2135 490 2207 testatur,
510 2134 620 2190 totum
643 2117 783 2212 aliquod
812 2133 916 2213 atque
939 2121 1081 2189 omnino
1099 2120 1361 2190 determinatum

234 2237 323 2331 juris
353 2235 500 2330 liturgici
528 2260 653 2330 corpus
674 2235 717 2304 ab
742 2234 911 2329 Apostolis
938 2237 1107 2305 moritum
1132 2235 1233 2305 fnisse
1260 2251 1362 2330 atque

239 2353 478 2444 praescriptum
506 2350 680 2420 fatendum
707 2365 771 2421 est.
803 2349 922 2420 Eidem
954 2350 1127 2420 traditioni
1162 2351 1363 2445 Apostolicae

237 2466 361 2538 inultas
386 2466 561 2561 liturgicus
584 2465 719 2560 regulas
740 2467 861 2535 tribuit
886 2482 1023 2538 sanctus
1043 2466 1200 2556 Basilius,
1226 2469 1275 2538 sin
1293 2467 1361 2537 dis·

236 2604 351 2650 serens
370 2605 379 2648 ι
401 2607 418 2642 ιι
444 2583 527 2650 Nam
547 2580 574 2648 si
598 2580 861 2650 consuetudines
890 2605 967 2674 qnae
986 2581 1117 2675 scripto
1138 2580 1273 2652 traditae
1292 2607 1361 2650 nou

238 2722 256 2756 ιι
269 2708 363 2780 sunt,
379 2707 540 2787 tanquam
560 2693 653 2764 baud
671 2693 814 2764 multum
833 2694 997 2764 babentes
1019 2695 1181 2765 momenti
1200 2721 1364 2765 conemur

239 2837 257 2874 ιι
270 2810 422 2902 rejicere,
437 2810 669 2904 imprudentes
684 2811 918 2906 gravissimum
936 2809 1112 2905 evangelio
1120 2811 1362 2880 detrimentum

238 2954 255 2988 ιι
271 2922 495 2996 inseremus...
520 2929 567 2996 Ut
583 2926 680 3021 signo
704 2926 815 2994 crucis
830 2949 887 2994 eos
904 2927 965 3019 qni
986 2951 1078 3020 spem
1097 2925 1310 2996 eollorarunt
1327 2928 1362 2996 in

237 3041 443 3110 «Christum
461 3043 646 3135 signemus,
670 3041 749 3134 quis
763 3040 891 3134 scripto
904 3038 1044 3110 docuit?
1068 3045 1115 3110 Ut
1130 3041 1174 3110 ad
1192 3043 1361 3112 orientem

239 3184 258 3220 ιι
271 3155 357 3224 versi
378 3179 569 3248 precemur,
591 3181 666 3248 quae
695 3179 757 3224 nos
773 3154 890 3224 docuit
915 3155 1107 3250 scriptura?
1133 3157 1362 3228 Invocationis

238 3299 256 3336 ιι
273 3270 372 3338 verbe
398 3291 476 3336 cum
497 3267 680 3338 conficitur
702 3268 800 3362 panis
816 3267 1051 3358 Eucharistiae,
1071 3283 1105 3339 et
1123 3269 1287 3364 poculum
1303 3269 1362 3340 be·

239 3383 485 3470 «nedictionis,
502 3385 579 3480 quis
597 3399 790 3454 sanctorum
810 3383 845 3452 in
864 3384 992 3479 scripto
1005 3385 1103 3456 nobis
1117 3385 1279 3480 reliquit?
1291 3388 1362 3458 Neo

238 3527 255 3564 ιι
269 3497 359 3567 enim
385 3497 436 3566 liis
450 3499 604 3568 cotioenti
624 3521 825 3592 sumusque
841 3514 1085 3570 commemorat
1102 3499 1285 3596 Apostolus
1304 3515 1361 3570 aut

237 3612 500 3708 aevangelium
518 3637 636 3681 verum
660 3613 726 3681 alia
743 3637 881 3707 quoque
897 3629 930 3684 et
951 3632 1030 3688 ante
1051 3629 1085 3684 et
1104 3631 1180 3710 post
1203 3615 1360 3699 dicimus,

236 3757 256 3796 ιι
269 3743 432 3822 tanquam
453 3725 599 3798 multum
619 3727 778 3796 habentia
795 3733 962 3802 momenti
985 3730 1029 3800 ad
1047 3731 1267 3826 mysterium3
1285 3755 1361 3826 quae

238 3869 256 3906 ιι
272 3868 314 3914 ex
327 3843 510 3914 traditione
522 3842 607 3912 citra
623 3842 787 3938 seriptum
806 3848 1011 3942 accepimus.
1021 3852 1234 3920 consecrans
1248 3863 1359 3918 antem

238 3980 389 4050 «aquam
415 3956 628 4052 baptismatis
653 3972 688 4028 et
726 3958 838 4030 oleum
860 3964 1031 4034 unctionis
1063 3977 1224 4059 praterea
1250 3964 1359 4058 ipsum

237 4101 256 4136 ιι
272 4073 333 4166 qui
356 4072 563 4166 baptismum
580 4074 716 4170 accipit,
742 4101 783 4146 ex
801 4079 924 4172 quibus
947 4078 1107 4175 scriptis?
1126 4083 1246 4150 Nonne
1273 4104 1294 4149 a
1311 4095 1359 4149 ta·
1473 4119 1474 4135 ι

237 4215 255 4252 ιι
267 4188 333 4258 cita
353 4204 549 4285 secretaque
571 4191 753 4261 traditione
763 4190 816 4262 l...
834 4197 907 4262 Jam
924 4209 978 4263 ter
993 4196 1148 4290 immergi
1171 4194 1357 4282 hominem,

239 4332 257 4369 ιι
272 4307 363 4376 unde
390 4331 428 4376 ex
451 4307 616 4403 scriptura
644 4309 824 4379 haustum?
843 4307 987 4405 Reliqua
1010 4311 1090 4383 item
1120 4337 1195 4406 quae
1214 4309 1301 4380 liunt
1323 4311 1357 4378 in

238 4450 256 4486 ι
268 4421 449 4518 baptismo,
458 4421 563 4496 veluti
582 4426 778 4496 renuntiare
794 4425 926 4497 Satanae
943 4441 977 4498 et
990 4425 1120 4525 angelis
1133 4428 1219 4524 ejus,
1236 4451 1277 4496 ex
1293 4447 1359 4521 qna
