2978 5076
518 415 563 460 oe
589 413 676 460 anns
700 413 904 461 mruncrco.
1200 415 1274 486 229

152 545 295 630 «viarii,
313 567 434 636 nempe
450 541 493 609 ad
512 539 698 610 tollendam
727 541 849 610 oiandi
871 541 1078 611 varietatem.
1105 541 1146 609 2⁰
1164 545 1272 611 Enar⁴

98 699 103 708 ·
152 691 169 725 a
187 676 239 730 rat
264 685 302 728 ea
325 683 402 754 quae
420 659 456 726 in
475 658 539 726 hac
561 683 597 726 re
616 659 802 751 praestitere
827 655 952 726 Paulus
978 672 1014 724 et
1036 658 1115 725 Pius
1135 651 1272 727 nomine

151 805 169 840 α
188 775 326 866 Quarti,
345 788 378 842 et
390 797 493 866 quam
512 773 584 865 ipse
597 771 750 839 adhiberi
770 795 908 864 operam
928 771 1060 840 curavit
1082 797 1123 839 ex
1136 773 1272 842 decreto

151 921 169 956 a
185 889 321 962 concilii
331 883 533 958 Tridentini.
548 887 589 958 3ο
600 885 703 956 Tollit
721 901 756 954 et
773 885 888 986 abolet
905 887 1047 955 omnino
1066 887 1270 957 breviarium

151 1033 205 1074 «a
231 1002 404 1074 cardinale
429 1007 464 1072 S.
492 1004 615 1072 Crucis
633 1003 875 1095 compositum,
898 1001 992 1095 qnod
1019 1017 1092 1070 erat
1115 1003 1274 1072 brevissi·

152 1149 170 1185 a
186 1145 292 1189 mum.
307 1122 393 1187 Item
409 1116 475 1187 alia
489 1117 659 1185 breviaria
678 1139 831 1201 romana,
845 1131 879 1184 et
896 1114 973 1200 alia,
989 1139 1064 1209 quse
1080 1143 1120 1184 ex
1134 1119 1272 1186 institn-

151 1267 169 1298 α
186 1237 279 1304 tione
301 1233 355 1302 vel
381 1231 630 1302 consuetudine
649 1230 800 1326 legitima
831 1255 901 1299 non
923 1246 1088 1326 superant
1109 1231 1273 1302 ducentos

152 1383 170 1418 a
185 1377 305 1422 annos.
324 1349 363 1435 4⁰
379 1351 547 1419 Permittit
560 1363 674 1419 tamen
688 1364 729 1417 ut
746 1349 940 1442 antiquiora
960 1373 1187 1420 non-romana
1207 1351 1275 1419 du·

151 1495 169 1530 a
186 1467 294 1536 centis
317 1466 414 1532 annis
440 1467 571 1559 possint
592 1465 717 1532 mutari
740 1466 776 1532 in
795 1463 861 1531 hoc
877 1463 1095 1550 breviarium,
1111 1465 1153 1532 iis
1172 1467 1274 1534 omis-

151 1609 169 1645 a
186 1582 244 1667 sis,
265 1581 292 1648 si
320 1579 509 1673 Episcopus
529 1595 563 1650 et
591 1580 789 1647 universum
807 1577 993 1672 capitulum
1021 1581 1273 1650 consentiant...

154 1723 169 1759 r
186 1693 228 1764 6⁰
244 1694 404 1788 Praecipit
425 1694 597 1762 observari
614 1693 680 1762 hoc
698 1693 906 1762 breviarium
925 1694 961 1760 in
979 1707 1055 1761 toto
1073 1694 1168 1779 orhe,
1193 1719 1272 1762 cum

152 1840 169 1875 a
185 1811 384 1904 exceptione
400 1833 471 1880 noo
494 1833 663 1878 annorum
686 1808 729 1876 de
751 1833 819 1902 qua
843 1833 959 1902 supra.
981 1809 1021 1905 7⁰
1039 1811 1166 1879 Statuit
1185 1809 1271 1878 nihil

152 1955 169 1990 a
187 1926 222 1993 in
241 1949 282 1993 eo
304 1924 519 2011 mutandum,
551 1921 757 2010 addendum,
784 1921 1043 1991 detrahendum.
1066 1923 1107 1992 8⁰
1131 1923 1273 2019 Obligat

151 2063 339 2134 «quosque
369 2041 427 2132 qui
453 2052 612 2108 tenentur
633 2038 735 2106 horas
762 2037 943 2108 canonicas
969 2039 1126 2128 recitare,
1147 2053 1187 2108 ut
1207 2040 1274 2108 hoc

153 2171 329 2225 «utantur
357 2154 539 2239 breviario,
565 2151 647 2220 alias
682 2177 752 2220 non
781 2151 989 2220 satisfaciant
1015 2147 1149 2220 muneri
1172 2177 1273 2225 sno...

152 2301 170 2336 α
192 2271 252 2342 13⁰
265 2273 316 2338 Ex
337 2269 462 2363 quibus
479 2267 616 2362 collige,
635 2267 696 2335 ubi
714 2265 1063 2362 aliquando,‘omisso
1080 2269 1219 2364 proprio
1239 2285 1275 2338 et

152 2383 278 2455 «licito
299 2381 669 2478 breviario,'receptum
685 2397 735 2451 cst
754 2380 839 2452 illud
865 2384 918 2450 Pii
938 2386 984 2471 V,
999 2407 1068 2452 non
1087 2409 1185 2478 posse
1202 2409 1276 2452 am·

153 2528 171 2570 n
189 2501 278 2596 plius
297 2501 458 2569 omissum
472 2498 616 2593 repeti...
636 2496 695 2568 16⁰
714 2499 784 2586 Qui
797 2497 864 2567 alio
873 2498 1042 2588 concedit,
1063 2501 1178 2569 animo
1194 2523 1276 2570 con·

153 2649 171 2684 α
187 2617 349 2688 stituendi
374 2618 438 2686 sibi
460 2613 684 2703 domicilium,
702 2615 755 2685 vel
784 2616 833 2684 ibi
858 2617 1016 2686 manendi
1040 2617 1172 2711 majore
1193 2603 1275 2686 anni

152 2749 297 2830 «parte,
313 2748 449 2802 tenetur
466 2732 519 2800 uti
537 2732 708 2801 breviario
734 2729 798 2800 loci
818 2732 876 2800 ubi
897 2747 1070 2818 moratur3
1094 2755 1190 2802 secus
1208 2733 1275 2798 mi·

153 2877 171 2914 a
187 2849 315 2918 nime...
339 2847 399 2943 ¹9⁰
422 2849 500 2918 Non
522 2861 633 2942 potest
646 2847 835 2941 Episcopus
849 2871 928 2916 cum
947 2847 1062 2942 aliquo
1082 2847 1275 2942 dispensare

152 2992 171 3029 ι
189 2953 229 3032 'ut
243 2963 363 3032 relicto
377 2963 516 3058 proprio
529 2962 711 3044 breviario,
730 2963 848 3030 recitet
863 2961 1015 3030 officium
1021 2963 1118 3054 juxta
1129 2961 1274 3030 formam

152 3107 170 3142 ι
190 3075 326 3168 alterius
350 3076 520 3145 breviarii.
547 3073 612 3143 22⁰
630 3074 730 3142 Edita
753 3099 833 3142 rero
863 3072 955 3142 bulla
984 3074 1037 3142 Pii
1069 3078 1111 3163 V,
1134 3075 1274 3144 cessavit

152 3222 170 3257 a
187 3193 298 3260 omnis
312 3191 453 3284 antiqua
474 3187 618 3259 facultas
639 3189 887 3284 Episcoporum
903 3189 993 3260 circa
1013 3189 1177 3259 festorum
1198 3188 1277 3258 offi-

153 3337 172 3373 α
188 3309 251 3392 cia,
272 3331 375 3401 quam
392 3305 564 3375 habebant
577 3331 618 3374 ex
638 3305 742 3374 sacris
759 3305 947 3374 canonibus
967 3306 1221 3400 Arclriepiscopi
1240 3319 1275 3374 et

154 3421 390 3516 «Episcopi...
412 3416 476 3490 23⁰
493 3420 594 3490 Unde
610 3445 680 3488 non
697 3434 885 3514 potuerunt
901 3420 1039 3488 retineri
1056 3419 1168 3489 officia
1188 3420 1275 3488 reci-

152 3565 173 3602 «
189 3552 260 3606 tata
279 3551 358 3604 ante
369 3536 467 3606 Pium
484 3537 518 3604 V
542 3535 614 3602 sinc
631 3533 767 3604 licentia
783 3533 870 3602 sedis
893 3532 1105 3628 Apostolicae,
1127 3535 1208 3627 quia
1228 3557 1277 3602 re·

154 3679 174 3716 α
193 3653 300 3720 tinere
335 3649 447 3719 officia
483 3649 647 3744 abrogata
683 3665 734 3718 est
765 3650 854 3719 idem
886 3675 927 3718 ae
949 3649 1075 3718 addere
1106 3651 1274 3718 breviario

154 3795 173 3832 a
186 3767 238 3836 Pii
256 3769 302 3850 V,
319 3789 378 3834 seu
398 3779 534 3835 mutare
550 3764 700 3834 officium
719 3767 753 3832 in
769 3766 937 3835 breviario
954 3764 1109 3859 quotidie
1124 3767 1277 3858 prascri-

155 3895 299 3975 uptum.
329 3883 392 3965 24⁰
418 3883 463 3950 Et
483 3880 540 3949 hic
566 3895 617 3948 est
645 3905 762 3948 sensus
792 3905 911 3949 eorum
943 3881 1123 3948 verborum
1151 3879 1276 3949 decreti

153 4021 174 4064 ι(
189 3995 212 4066 8
230 3994 347 4088 aprilis
369 3993 473 4083 1628,
488 4019 581 4064 nunc
591 3995 745 4088 impressi
764 3997 799 4063 in
820 3995 1001 4081 breviario,
1017 3995 1277 4064 nimirumznon

155 4139 173 4176 u
185 4112 347 4206 potuisse
364 4105 476 4207 neque
489 4117 641 4206 posse...
656 4105 720 4179 25⁰
737 4112 857 4204 Neque
871 4125 1060 4205 potuerunt
1072 4111 1174 4180 iidem
1188 4111 1279 4180 ordi·

156 4255 173 4289 a
190 4226 291 4310 narii,
320 4249 432 4320 neque
460 4241 604 4321 possunt
624 4225 741 4294 eadem
769 4224 812 4295 de
835 4251 935 4296 causa
960 4242 1094 4296 mutare
1119 4227 1222 4294 ritum
1241 4227 1277 4292 in

155 4339 386 4412 «altiorem...
406 4342 548 4437 propria
566 4345 787 4430 auctoritate;
799 4341 857 4412 sed
877 4359 927 4412 est
940 4343 1125 4412 necessaria
1143 4365 1280 4434 quoqne

156 4487 175 4522 α
191 4457 277 4527 sedis
292 4457 498 4553 Apostolicae
518 4459 715 4548 auctoritas,
739 4459 793 4528 vel
815 4483 915 4530 sactae
935 4458 1220 4554 congregationis
1236 4459 1280 4524 ri·
