3018 5070
503 355 548 402 oc
571 355 659 406 anun
685 355 890 406 ctrmclco.
1215 333 1259 430 57

133 481 312 554 Probatur.
321 478 482 572 Inprimis
495 481 586 550 enim
604 486 721 578 negari
731 479 851 578 nequit
866 483 1038 578 apostolos
1056 485 1148 579 apud
1166 481 1268 554 eccle·

134 597 305 688 sias'quas
321 593 509 666 fundarunt
535 597 699 690 quasdam
717 599 902 669 instituisse
922 599 1267 670 administrandarum

134 733 305 782 sacrarum
321 734 448 798 rerum,
469 711 688 782 Eucharistiae
702 717 897 808 praesertim,
913 715 1049 805 formas,
1064 715 1267 808 ritualesque

135 828 303 920 leges,seu
313 826 584 896 consuetudines.
605 827 667 897 llla
681 844 795 898 autem
810 821 1199 925 'prirnordialialiturgiae
1216 832 1268 898 in·

135 943 268 1024 stituta,
284 940 359 1010 fieri
378 965 446 1010 non
460 957 594 1036 poterat
606 943 701 1036 quin,
724 945 759 1012 in
779 943 931 1038 qualibet
947 948 1096 1016 nascenti
1116 943 1268 1033 ecclesia,

138 1080 199 1149 pro
229 1055 281 1124 rei
317 1055 482 1147 gravitate
512 1071 547 1126 et
571 1083 703 1126 summa
725 1083 804 1153 erga
824 1058 1039 1129 fundatorem
1067 1061 1267 1146 reverentia,

137 1170 245 1240 serius
258 1170 353 1239 ocius
374 1168 491 1238 scdulo
499 1169 740 1265 colligerentur
756 1188 790 1243 et
806 1161 1112 1244 conscriberentur.
1133 1179 1174 1242 Et
1189 1173 1267 1243 licet

137 1284 290 1378 quasdam
298 1298 377 1378 post
389 1282 537 1378 apostoli
554 1283 743 1356 fundatoris
761 1286 894 1355 obitum
920 1287 1051 1380 adjecta
1069 1288 1213 1357 fuissent
1233 1301 1267 1356 et

138 1400 173 1468 in
191 1423 291 1468 usum
304 1397 525 1484 inducta,ob⁴
546 1399 751 1494 praecipuam
785 1397 898 1469 tamen
914 1415 949 1469 et
975 1400 1266 1472 fundamentalem

112 1509 118 1526 '
138 1529 270 1608 partem
284 1513 328 1581 ab
348 1512 503 1608 apostolo
521 1513 682 1584 traditam
704 1529 806 1608 atque
819 1531 1003 1610 acceptam,
1031 1515 1127 1585 nullo
1149 1517 1268 1586 melius

136 1653 240 1723 quam
258 1629 365 1723 ipsius
393 1628 531 1697 nomine
559 1629 715 1724 insigniri
738 1629 879 1700 decebat
901 1633 1044 1724 primam
1068 1630 1268 1725 hujusmodi

137 1745 366 1837 conscriptam
376 1741 624 1814 collectionem.
642 1747 693 1815 Ea
702 1769 783 1814 vero
793 1742 1069 1816 denominatione
1089 1747 1201 1816 nullus
1215 1746 1269 1815 de·

138 1859 338 1954 cipiebatur,
357 1859 446 1929 sicut
472 1859 581 1928 hodie.
600 1859 902 1956 nullus·decipitur
919 1855 1001 1932 dum
1020 1864 1268 1961 gregorianum

138 1974 250 2044 adhuc
264 1999 424 2044 vocamus
442 1973 573 2044 missale
591 2000 783 2059 romanum,
805 1979 947 2072 cuipost
966 1981 1174 2073 Gregorium
1193 2003 1267 2048 ma-

140 2115 247 2185 gnum
259 2087 367 2159 multa
382 2087 525 2182 adjecta,
541 2091 717 2161 immutata
734 2090 852 2179 multa,
873 2080 1163 2185 neminem'fugit.
1174 2097 1267 2186 Ergo

138 2205 231 2298 quod
242 2219 356 2274 extent
373 2207 521 2299 antiquae
535 2205 682 2301 liturgiae
694 2207 830 2274 nomine
840 2199 1071 2299 apostolorum
1086 2207 1267 2300 inscriptae,

138 2316 216 2388 licet
228 2319 363 2412 ipsimet
376 2319 523 2414 apostoli
552 2344 607 2388 eas
634 2343 704 2388 non
732 2318 1005 2413 conscripserint,
1031 2317 1157 2388 nullam
1178 2318 1270 2389 frau-

139 2434 227 2521 dem,
243 2433 374 2504 nullam
383 2436 668 2530 conspirationem
681 2435 798 2529 prodit
814 2461 825 2524 3
848 2434 908 2504 sed
926 2436 1034 2528 posita
1052 2433 1268 2504 ecclesiarum

145 2549 360 2644 abapostolis
377 2549 589 2640 fundatione,
611 2549 646 2618 id
663 2553 804 2620 omnino
821 2552 867 2619 ita
887 2551 1025 2621 evenire
1043 2551 1170 2620 debuit.
1249 2555 1255 2592 ¹

186 2664 233 2732 At
246 2677 420 2756 praeterea,
433 2663 500 2732 nisi
518 2661 922 2756 rejiciaturfraudulentae
936 2666 1195 2760 conspirationis
1208 2665 1269 2760 hy·

139 2777 299 2870 potbesis,
318 2779 354 2846 in
363 2777 555 2872 absprdur'n'
562 2779 751 2848 necessario
761 2779 840 2850 itur.
851 2782 939 2852 Nam
953 2779 1097 2875 liturgiae
1108 2781 1179 2850 istae
1192 2779 1268 2874 plu'-

137 2894 243 2962 rimos
266 2908 457 2962 memorant
467 2901 607 2983 'sanctos
616 2895 676 2988 qui
694 2908 772 2988 post
782 2893 1016 2989 apostolorum
1036 2895 1168 2962 obitum
1180 2895 1270 2962 vixe-

139 3123 355 3218 posteriore's.
368 3128 459 3217 Ergo
472 3124 502 3214 'si
513 3122 714 3192 admittatur
724 3122 909 3216 scriptores
918 3122 1040 3192 harum
1052 3121 1269 3216 liturgiarum

138 3237 445 3332 voluisse'populis
468 3236 620 3326 illudere,
643 3237 877 3332 persuadendo
900 3263 957 3308 eas
988 3237 1071 3308 tales
1091 3237 1208 3331 quales
1226 3237 1268 3306 ab

139 3353 302 3449 apostolis
323 3354 427 3424 fuisse
443 3355 661 3448 conscriptas,
678 3352 927 3422 admittendum
946 3354 1046 3422 etiam
1066 3368 1116 3420 est
1132 3377 1190 3421 eos
1209 3376 1269 3420 vo·

141 3469 243 3540 luisse
265 3469 468 3564 persuadere
489 3469 532 3538 ab
556 3469 675 3538 iisdem
691 3465 856 3562 apostolis
874 3467 1000 3560 scriptu
1022 3465 1125 3534 fuisse
1146 3491 1221 3560 quae
1234 3467 1269 3535 in

141 3585 181 3654 iis
201 3583 350 3678 liturgiis
364 3583 577 3654 dicunturde
592 3583 671 3652 viris
683 3595 718 3650 et
733 3580 911 3650 eventibus
924 3579 1158 3675 apostolorum
1171 3582 1269 3652 obitu

141 3700 401 3772 recentioribus.
422 3702 528 3769 Porro
549 3697 734 3768 absurdum
753 3713 804 3766 est
829 3698 1028 3791 impostores
1051 3712 1155 3767 tantae
1175 3696 1270 3766 stoli·

142 3814 256 3884 ditatis
264 3814 380 3903 fuisse,
392 3829 432 3882 ut
444 3813 479 3883 id
497 3811 630 3910 populis
649 3795 840 3883 christianis
855 3810 1127 3906 persuadendum
1146 3812 1268 3904 quinto

142 3928 265 4000 seculo
275 3929 543 4024 aggrederentur
557 3956 567 4019 3
583 3945 618 4000 et
626 3929 807 3998 absurdius
817 3926 973 4020 ecclesias
990 3943 1059 3998 tam
1071 3919 1192 3996 stolida
1207 3929 1271 3995 im-

142 4059 281 4138 postura
298 4045 402 4116 fuisse
422 4045 589 4139 deceptas.
615 4048 708 4137 Ergo
725 4045 848 4114 iterum
869 4059 1034 4137 praeteusa
1054 4042 1268 4112 falsariorum

142 4161 350 4257 conspiratio
367 4163 401 4230 in
416 4162 658 4257 componendis
673 4160 820 4256 liturgiis
836 4174 870 4230 et
883 4161 922 4229 iis
938 4161 1153 4230 inscribendo
1167 4157 1270 4228 alicu·

145 4275 202 4369 jus
215 4277 361 4372 apostoli
379 4279 530 4367 nomine,
550 4277 640 4347 inter
652 4277 814 4374 figmenta
828 4276 1009 4372 rejicienda
1034 4288 1096 4344 est.

193 4387 233 4461 3⁰
259 4396 313 4462 An
331 4392 458 4464 Gelasii
477 4419 562 4489 opus
582 4392 767 4488 genuinum
793 4393 836 4464 sit
867 4392 1165 4464 sacramentarium
1191 4386 1263 4480 ejus
