2982 5072
238 352 304 436 add
692 365 897 418 reserares

231 501 375 580 omnino
389 499 547 570 effectum
561 496 748 592 producere
760 508 913 590 possunt,
934 507 969 564 et
986 491 1188 590 aequivalent
1201 493 1358 591 perfecte

238 616 411 713 raegationi
434 615 570 684 virium.

284 737 446 800 Praetcrea
479 742 646 824 repugnat
676 730 788 796 Deum
820 725 1019 822 insipienter
1041 727 1224 820 potestates
1255 726 1358 819 hujus

232 845 350 916 mundi
370 845 557 930 ordinasse;
581 843 675 936 atqui
697 841 896 935 insipienter
918 839 1125 930 ordinasset,
1145 841 1173 910 si
1195 838 1359 910 eeclesia-

231 964 324 1033 sticae
350 975 383 1030 et
408 957 500 1029 civili
532 957 689 1052 potestati
714 956 832 1048 josia
865 979 918 1026 res
950 955 1082 1026 easdem
1105 957 1279 1029 tribuisset
1310 957 1358 1027 ita

233 1073 361 1170 aequale
376 1087 410 1142 et
427 1072 665 1168 independens,
678 1085 717 1140 ut
732 1085 852 1140 neutra
869 1065 965 1140 atteri
978 1071 1096 1142 cedere
1109 1070 1255 1142 deberet.
1267 1073 1357 1142 Nam

233 1191 335 1260 etiam
353 1187 523 1284 legislator
537 1187 706 1255 humanus
725 1209 788 1282 pro
809 1186 928 1270 insano
946 1185 1105 1268 habetur,
1118 1185 1255 1280 quando
1273 1184 1358 1256 duas

231 1303 486 1398 jurisdictiones
503 1302 651 1370 diversas
682 1302 772 1392 circa
802 1325 853 1370 res
876 1300 1009 1373 easdem
1039 1302 1260 1390 constituens,
1286 1323 1358 1371 non

234 1419 505 1514 praedeterminat
518 1440 672 1511 quaenam
697 1417 731 1484 in
747 1441 827 1504 casu
845 1415 1022 1486 condictus
1041 1415 1138 1486 alteri
1160 1415 1279 1486 cedere
1303 1415 1360 1486 de·

234 1533 321 1603 beat.
351 1538 391 1604 In
420 1530 549 1616 Gallia,
576 1530 670 1601 verbi
697 1530 823 1624 gratia,
846 1529 1022 1624 prefectus
1048 1529 1155 1606 civilis
1177 1531 1359 1624 provincie

232 1648 281 1738 (le
300 1647 435 1744 prefet),
451 1663 485 1717 et
503 1647 680 1740 praefectus
696 1643 852 1713 militaris
866 1641 912 1739 (ie
927 1643 1060 1740 gendral
1075 1644 1315 1714 commendant
1329 1642 1360 1714 le

233 1761 495 1857 de'parternent),
509 1759 764 1856 jurisdictiones
785 1760 932 1830 diversas
958 1761 1103 1848 habent,
1119 1774 1153 1830 et
1169 1760 1307 1854 quidem
1322 1761 1359 1828 in

234 1903 287 1948 nes
304 1877 452 1963 easdem,
466 1876 559 1945 verbi
581 1876 703 1974 gratia,
728 1875 817 1944 circa
829 1897 992 1965 carceres,
1011 1876 1100 1945 eirca
1119 1891 1230 1944 motus
1249 1899 1358 1970 popu·

233 1993 321 2064 iares
333 1992 496 2062 sedandos
512 2006 546 2060 ct
560 1991 625 2060 aiia
642 1990 853 2082 hujusmodi.
874 1992 915 2059 ht
934 1989 1009 2058 iicet
1030 1990 1099 2059 istae
1118 1989 1193 2059 dure
1202 1989 1361 2083 jurisdic-

235 2106 345 2175 tiones
364 2105 433 2173 sint
447 2119 565 2173 mutuo
583 2103 860 2198 independentes,
876 2101 928 2172 iex
946 2103 1254 2196 praedetemninavit
1268 2127 1359 2196 quae·

235 2245 314 2314 nam
332 2218 428 2288 alteri
454 2216 565 2288 iocum
586 2217 667 2286 (iare
696 2217 818 2286 debeat
839 2217 976 2310 quando
1001 2218 1115 2310 egitur
1132 2217 1173 2286 de
1195 2217 1359 2288 rebusad

234 2352 413 2430 utramque
441 2335 503 2404 sub
525 2317 658 2402 diverso
686 2347 838 2426 respectu
857 2332 1116 2426 pertinentibus.
1139 2335 1183 2402 Et
1212 2332 1275 2408 nisi
1306 2330 1361 2402 iex

234 2450 269 2520 id
287 2449 495 2545 praevidisset
512 2463 545 2516 et
567 2445 842 2540 praeordinasset,
866 2446 982 2516 insana
1001 2447 1124 2516 merito
1140 2447 1183 2516 ab
1200 2448 1363 2518 omnibus.

234 2565 417 2656 diceretur.
436 2565 526 2658 Ergo
546 2561 683 2654 pariter,
698 2562 767 2628 imo
780 2575 846 2629 eta
862 2560 1010 2648 fortiori,
1023 2562 1221 2656 insipienter
1237 2563 1361 2656 egisset

234 2681 341 2764 Deus,
361 2678 388 2745 si
409 2675 524 2746 ambas
543 2691 734 2771 potestates,
746 2673 878 2744 civilem
896 2699 1015 2770 nempe
1031 2690 1066 2744 et
1084 2673 1359 2762 ecclesiasticam,

233 2817 274 2862 eo
292 2792 393 2860 modo
411 2791 598 2860 ordinasset
613 2815 682 2884 qno
702 2789 820 2859 volunt
840 2788 995 2884 gallicani
1012 2789 1185 2860 moderati.

284 2907 372 2976 Hinc
392 2907 512 2975 merito
539 2920 681 3001 systema
712 2903 793 2973 iliud
825 2902 1047 2997 gallicanismi
1072 2904 1257 2993 moderati,
1285 2921 1360 2976 tan·

234 3047 335 3118 qnam
345 3021 583 3092 manichaeismi
597 3043 712 3089 errore
722 3018 887 3087 infectum
901 3017 1080 3088 exhibetur
1090 3018 1124 3086 in
1139 3018 1229 3088 huila
1240 3024 1360 3090 Unam

233 3153 397 3210 sanctam
420 3135 585 3206 Bonisacii
605 3138 699 3205 VlII.
726 3135 814 3203 Nam
843 3133 879 3201 in
903 3157 944 3202 eo
974 3134 1134 3216 errabant
1163 3133 1358 3224 manichaei,

233 3252 327 3349 quod
341 3264 571 3346 supponerent
584 3247 653 3318 duo
669 3247 777 3344 prima
795 3272 909 3316 rerum
922 3247 1075 3316 omnium
1090 3249 1268 3344 principia,
1283 3273 1360 3344 pcr-

233 3359 321 3440 fecte
338 3363 614 3460 independentia,
630 3351 760 3432 viribus
776 3360 935 3456 aequaiia,
957 3387 996 3432 ac
1012 3362 1076 3430 sihi
1091 3361 1233 3432 invicem
1248 3386 1359 3458 oppo-

233 3483 315 3569 sita3
334 3483 379 3550 ita
400 3477 525 3550 scilicet
548 3494 585 3547 ut
603 3492 759 3548 neutrum
775 3477 818 3546 ab
833 3475 940 3546 altero
954 3475 1041 3546 vinei
1057 3481 1181 3572 posset.
1199 3479 1307 3548 Porro
1318 3503 1359 3550 ea

234 3597 440 3692 supponitur
465 3594 613 3664 conditio
633 3591 863 3662 ecclesiasticae
886 3605 920 3658 et
936 3589 1043 3659 civilis
1062 3592 1236 3684 potestatis
1253 3592 1288 3660 in
1308 3618 1359 3686 sy-

233 3727 374 3782 stemate
386 3707 607 3804 gallicanismi
623 3706 799 3776 moderati.
820 3709 907 3775 Cum
922 3705 1010 3774 enim
1028 3721 1146 3776 neutra
1163 3705 1304 3776 alteram
1315 3706 1357 3776 ad

231 3828 298 3898 sibi
319 3825 507 3896 cedendum
519 3823 603 3920 jore
625 3847 744 3916 rogere
764 3811 887 3916 p‘ossit,
908 3822 944 3890 in
961 3821 1059 3891 rebus
1073 3821 1116 3890 ad
1129 3821 1357 3892 ambassimul

179 3983 181 3988 ·
236 3941 493 4036 pcrtinentibus,
510 3939 661 4034 remanet
674 3950 799 4006 statuta
817 3952 943 4008 aetcrna
961 3958 1093 4032 pugna3
1111 3963 1169 4008 seu
1189 3937 1305 4032 potius
1322 3937 1356 4006 in

235 4037 349 4151 prasi,
369 4081 446 4125 cum
467 4051 615 4124 Ecclesia
632 4053 663 4122 vi
676 4051 814 4124 militari
837 4050 1037 4148 pierumque
1057 4068 1186 4142 careat,
1205 4079 1274 4149 qua
1297 4055 1358 4148 ime

235 4173 367 4268 perium
384 4169 480 4240 civile
497 4168 665 4244 ordinarie
679 4167 795 4262 pollet,
811 4182 961 4242 remanet
980 4167 1164 4240 Ecclesiam
1181 4169 1353 4264 perpetuis

234 4286 475 4380 guberniorum
495 4285 719 4380 temporaliun
738 4283 906 4360 violentiis
926 4283 1066 4379 subjici,
1083 4300 1117 4358 et
1134 4286 1180 4356 sic
1195 4285 1355 4356 schisma-

235 4402 325 4478 tibus
339 4417 371 4470 et
389 4397 571 4472 haeresibus
581 4402 721 4497 januam
738 4415 902 4498 perpetuo
922 4400 1036 4497 pandi.
