2978 5076
250 347 322 430 alo
708 369 915 416 raso-rarus

248 521 328 566 rran
348 495 499 594 liturgiae
521 491 690 566 Romae
711 491 757 564 'de
772 493 859 589 siue
886 511 954 564 aut
966 489 1221 564 ¹consumendae
1244 493 1381 564 adstri-

251 629 399 697 ctam,
416 636 483 680 non
506 609 670 699 exclusas,
696 610 754 679 sed
778 608 926 680 inclusas
950 635 970 678 a
993 623 1111 678 saneto
1133 609 1193 679 Pio
1219 614 1252 678 V
1274 611 1380 680 fuisse

251 725 418 811 ecelesias,
439 751 515 820 qnae
529 726 659 820 magnis
675 723 755 794 lieet
771 725 992 794 varietatibus
1014 749 1033 792 a
1054 725 1124 793 ritu
1139 728 1295 794 Romano
1311 726 1381 794 dis-

251 856 437 937 crepantes,
466 865 543 909 suas
578 856 691 910 tamen
724 839 880 935 liturgias
908 867 928 910 a
953 844 1108 909 Romana
1140 839 1290 910 Ecclesia
1317 841 1381 910 ali-

251 959 389 1053 quando
413 969 613 1052 acceperant
636 971 669 1026 et
688 955 800 1050 quoad
824 955 1047 1025 substantiam
1076 955 1281 1025 retinebant.
1301 961 1379 1025 Hu-

247 1073 396 1170 jusmodi
440 1086 552 1140 autem
599 1085 715 1158 erant,
758 1085 798 1138 ut
837 1071 1002 1152 diximus,
1038 1093 1155 1138 omnes
1188 1071 1378 1164 generatim

251 1184 447 1256 Occidentis
460 1181 621 1268 ecclesie,
639 1196 780 1274 excepto
793 1181 1016 1250 Ambrosiano
1037 1195 1071 1250 et
1084 1180 1235 1250 Gothico
1258 1183 1340 1251 ritu.

299 1301 477 1380 Praeterea,
492 1294 618 1365 Paulus
638 1299 729 1388 Papa
748 1297 780 1362 V
800 1295 835 1362 in
857 1317 919 1362 sno
938 1293 1032 1362 brevi
1049 1293 1262 1388 Apostolieoe
1283 1292 1377 1380 sedi,

251 1438 321 1507 qtto
340 1409 463 1480 rituale
473 1413 666 1478 Romanum
680 1406 876 1503 publicavit,
887 1408 935 1475 sic
950 1406 1098 1477 declarat
1115 1409 1255 1501 quinam
1273 1409 1380 1476 fuerit

251 1531 286 1598 S.
309 1527 360 1596 Pii
381 1529 415 1595 V
433 1549 555 1618 scopus
577 1525 612 1591 in
640 1522 780 1590 edendis
810 1537 845 1590 et
867 1523 1124 1615 proscribendis
1150 1523 1320 1592 breviario
1345 1539 1380 1592 et
1482 1607 1486 1620 ι

251 1642 376 1711 missali
401 1641 588 1710 Romanis:
610 1636 851 1728 Quamobrem
857 1637 984 1729 selict's
1011 1636 1268 1708 reeordationis
1287 1642 1379 1708 Pius

251 1763 358 1853 Papa
387 1762 420 1826 V
431 1751 674 1850 predecessor
691 1769 869 1835 noster...,
901 1768 940 1820 at
960 1751 1137 1822 catholiea
1157 1753 1323 1823 Ecclesia
1342 1755 1381 1823 irc

239 1871 338 1964 fidei
353 1872 499 1958 uanitate,
519 1894 564 1937 ac
586 1867 652 1939 sub
666 1894 736 1938 ano
756 1866 896 1937 visibili
906 1870 1024 1962 eapite
1048 1868 1154 1938 Beati
1171 1868 1275 1936 Petri
1299 1893 1380 1938 sae·

253 2013 389 2058 cessare
406 1991 566 2056 Romano
585 1987 753 2071 Pontifice
772 2000 998 2082 congregata,
1024 2009 1134 2053 auum
1147 1983 1336 2078 psallendi
1346 2002 1381 2055 et

252 2101 381 2172 orandi
395 2099 569 2185 ordinem,
589 2115 762 2196 quantum
783 2123 865 2167 cum
887 2100 1038 2168 Domino
1051 2113 1207 2194 poterat,
1229 2113 1376 2186 teneret,

253 2220 460 2290 breviarium
470 2217 630 2312 primam
646 2231 683 2284 et
702 2213 830 2284 deinde
854 2214 1000 2284 missale
1029 2219 1242 2302 Romanum,
1270 2215 1380 2286 multo

250 2334 368 2405 statlia
378 2350 412 2404 et
423 2332 605 2429 diligentia
617 2328 812 2414 elaborata,
817 2328 1000 2424 paswrali
1001 2329 1226 2424 providentia
1241 2329 1382 2400 edenda

252 2451 397 2520 censuit.
419 2449 596 2537 Quantum
616 2470 698 2540 ergo
715 2447 812 2514 abest
825 2459 866 2512 ut
888 2449 922 2514 S.
947 2447 1029 2516 Pius
1050 2447 1079 2515 V
1099 2445 1285 2514 intenderit
1311 2460 1381 2514 tan·

252 2577 327 2630 tum
346 2586 408 2630 suo
422 2558 545 2628 missali
560 2575 594 2628 et
611 2559 781 2628 breviario
799 2556 966 2650 subjicere
987 2558 1143 2628 ecelesias
1154 2559 1246 2628 urbis
1260 2562 1380 2628 Romae

251 2691 311 2746 aut
328 2691 435 2746 status
454 2673 639 2770 pontificii!

298 2792 394 2862 Idem
417 2793 572 2886 sequitur
593 2815 633 2860 ex
654 2791 726 2884 ipso
749 2792 845 2861 Piani
870 2792 999 2861 decreti
1026 2805 1145 2860 tenore
1172 2819 1181 2860 s
1206 2793 1271 2860 ista
1287 2791 1379 2860 enim

251 2909 366 2998 verba,
391 2905 435 2976 de
453 2905 617 2976 omnibus
637 2903 731 2975 orbis
745 2907 916 2996 eeclesiis,
939 2909 977 2976 in
1001 2905 1165 2976 oaeaibus
1192 2905 1385 2978 christiani

251 3021 347 3092 orbis
363 3022 528 3106 ecclesiis,
546 3023 585 3090 ia
606 3019 733 3118 quibas
744 3020 900 3111 officium
911 3047 958 3090 er
969 3045 1066 3091 more
1080 3037 1115 3092 et
1127 3025 1199 3092 ritu
1210 3027 1380 3094 Romanae

252 3137 423 3207 Ecclesiae
437 3135 511 3206 dt'ei
518 3135 631 3222 debet,
654 3136 782 3204 absona
796 3161 935 3231 prorsus
952 3152 1073 3223 essent,
1087 3137 1115 3204 si
1130 3139 1212 3206 Pius
1228 3141 1264 3207 V
1280 3139 1382 3208 intel·

252 3251 384 3320 lexisset
414 3266 547 3320 tantum
563 3251 718 3319 ecclesias
732 3277 808 3344 quae
831 3250 875 3319 ad
892 3251 1096 3345 sequendam
1120 3252 1326 3322 adamussim
1342 3253 1381 3322 li·

253 3369 399 3460 turgiam
418 3381 520 3461 prout
532 3381 615 3435 tunc
630 3369 791 3460 temporis
799 3367 1064 3462 Romaevigebat
1077 3367 1380 3464 adstringerentur.

252 3481 388 3550 Nedum
406 3481 496 3550 enim
515 3478 628 3549 multae
646 3494 800 3550 extarent
817 3507 885 3577 per
904 3497 1015 3552 tottun
1027 3479 1159 3568 orbem,
1189 3497 1227 3550 ut
1250 3507 1381 3578 suppo·

253 3611 341 3666 nutat
369 3597 528 3690 praedicta
550 3596 665 3683 verba,
684 3596 880 3691 hujusmodi
903 3596 1050 3666 ecclesie
1076 3621 1151 3691 quae
1181 3612 1382 3668 tenerentur

254 3727 315 3782 ant
336 3711 484 3781 solerent
505 3716 621 3781 Romae
643 3711 724 3782 tunc
744 3715 870 3808 vigenti
892 3715 973 3783 ritui
992 3739 1066 3784 sese
1081 3716 1222 3784 omnino
1242 3713 1382 3785 confor-

255 3853 360 3916 mare,
380 3826 614 3922 generalitcre
632 3843 750 3898 contra
769 3830 803 3897 iu
822 3830 1002 3898 varietates
1019 3829 1139 3898 abiisse
1156 3831 1191 3898 in
1207 3845 1282 3899 toto
1300 3830 1383 3900 orbe

251 3943 407 4015 ecclesias
421 3947 565 4039 ipsemet
578 3961 723 4017 testatur
734 3947 856 4018 PiusV
869 3974 878 4034 ;
893 3973 956 4018 nec
969 3949 1033 4016 nisi
1050 3947 1094 4016 ad
1114 3945 1280 4017 tollendas
1291 3945 1383 4042 ‘ejus-

253 4045 353 4143 modi'
367 4058 605 4131 difformitates
629 4064 901 4134 reformationem
918 4079 952 4134 et
971 4077 1100 4132 certam
1114 4061 1296 4132 formulam
1310 4065 1380 4134 edi·

251 4177 312 4246 cit.
340 4179 451 4244 Immo
480 4176 516 4246 in
533 4179 606 4271 ipsa
634 4182 789 4248 Romana
813 4179 900 4248 urbe
918 4180 1019 4248 variae
1045 4179 1080 4246 in
1103 4178 1204 4247 variis
1231 4177 1384 4249 ecclesiis

252 4291 414 4386 vigebant
437 4289 603 4386 liturgica
626 4292 756 4362 formae.
773 4293 872 4364 Unde
886 4295 1027 4364 omnino
1038 4293 1223 4364 somniaret
1237 4294 1298 4387 qni
1318 4295 1382 4364 sibi

254 4406 483 4503 persuaderet,
507 4405 670 4477 Ecclesias
689 4414 857 4480 Romanae
877 4408 1029 4510 liturgia
1056 4408 1194 4506 dejure
1211 4409 1277 4480 vel
1294 4433 1383 4481 can-
