3004 5070
491 391 538 439 aa
562 393 650 440 suas
676 391 880 440 airuncico.
1178 371 1246 472 257

123 547 206 617 ergo
221 519 393 616 prohibita
411 518 576 590 censenda
593 534 657 590 est.
675 523 724 588 Ex
747 519 881 589 indulto
899 535 1013 591 autem
1036 519 1160 593 licitam
1178 551 1249 596 csse
1287 519 1290 528 ’

123 638 210 706 ritus
229 635 500 706 immutationem
519 650 653 706 certum
671 651 741 724 est;
764 651 867 730 atque
882 636 973 728 justa
993 637 1035 707 de
1054 665 1154 710 caiisa
1175 667 1248 710 cani

125 751 320 846 petentibus
339 750 467 844 absque
486 747 687 820 difficultate
703 750 841 820 concedi
860 749 959 822 solet.

174 867 365 961 Propositio
386 865 431 936 8¹.
448 867 521 956 (lui
536 864 772 962 aristrr'agitur
787 861 956 936 breviario
975 871 1134 941 Romano
1153 877 1254 942 Post·

125 987 252 1068 Plano,
270 969 566 1079 quurrdo'cupium.
580 978 686 1074 hujus
705 977 871 1050 braama
885 1005 956 1050 non
971 979 1089 1071 habet,
1109 986 1254 1059 videtur

126 1125 196 1170 aron
217 1099 330 1168 teneri
350 1095 401 1166 nd
421 1097 661 1166 recitationem
683 1095 797 1190 officii
817 1121 896 1166 cum
916 1097 989 1166 olio
1009 1097 1188 1172 breviario.
1203 1145 1251 1156 —

126 1217 178 1282 De
196 1213 356 1280 omnibus
375 1212 464 1280 enim
487 1211 545 1305 qui
565 1211 630 1279 hoc
651 1211 753 1280 modu
767 1211 1029 1308 adstringuntur
1045 1195 1091 1284 ita
1103 1215 1253 1288 decernit

129 1330 232 1398 Piaoa
251 1324 344 1395 bulla
366 1313 564 1395 :neminem
582 1350 629 1394 cc
644 1323 712 1416 his,
734 1326 808 1394 nisi
823 1324 894 1396 leuc
905 1324 1082 1420 fhrmulu,
1107 1333 1254 1429 sactisfa-

129 1465 325 1538 crrcpossc.
353 1445 444 1534 Ergo
470 1440 528 1535 qui
549 1438 639 1508 lianc
664 1438 842 1509 fomiulam
863 1443 1067 1533 nonhabet,
1089 1471 1165 1516 cum
1185 1474 1252 1517 nori

130 1561 234 1653 possit
272 1582 332 1651 pier
368 1553 467 1624 aliam
499 1555 701 1644 satisfacere,
730 1557 971 1627 arecitatione
997 1557 1100 1628 ollicii
1134 1564 1254 1631 eximi·

130 1689 196 1742 tur.
215 1671 347 1762 «Quod
364 1695 444 1739 vero
456 1671 520 1761 (ait
538 1670 715 1756 Cavalieri‚
731 1686 814 1741 tom.
834 1675 879 1758 ll,
898 1697 973 1768 pag.
995 1673 1061 1770 193
1082 1675 1164 1746 edit.
1185 1681 1256 1746 Vc-

112 1817 148 1876 ,“
163 1803 232 1858 act.
260 1785 378 1883 1770),
393 1785 512 1854 dicuat
530 1785 686 1854 nonnulli
706 1786 747 1854 de
768 1785 895 1882 duplici
914 1805 1106 1886 praecepto,
1130 1791 1255 1863 scilicet

130 1934 145 1966 a
161 1927 262 1996 super
284 1903 481 1973 recitatione
504 1925 631 1988 uariam,
654 1916 689 1970 et
708 1926 809 1997 super
830 1903 974 1972 formula
1001 1903 1094 1973 aliud
1117 1906 1254 1991 haberi,

128 2047 144 2080 a
159 2017 313 2109 adeoque
329 2017 386 2108 qui
408 2039 474 2083 noa
496 2028 605 2109 potest
624 2013 811 2110 adimplere
830 2040 951 2105 tinum,
971 2019 1077 2087 teneri
1095 2019 1136 2090 ad
1153 2020 1256 2111 aliud,

132 2162 148 2195 a
166 2132 252 2201 bene
270 2131 452 2199 advertunt
478 2127 769 2214 Salmanticenses‚
792 2155 827 2199 a.
862 2130 925 2220 28,
954 2157 1021 2201 non
1052 2159 1150 2228 posse
1177 2161 1256 2230 pro-

132 2279 147 2312 «
163 2248 300 2333 cedere3
323 2245 404 2315 alias
419 2245 569 2314 officium
592 2246 753 2315 omittens
773 2245 898 2341 duplex
914 2264 1089 2342 peccatum
1108 2242 1260 2322 commit-

132 2397 146 2425 a
166 2379 263 2436 leret.
289 2393 306 2428 u
1079 2439 1080 2444 ,

148 2509 153 2516 ·
182 2482 231 2546 Ex
247 2478 358 2548 citatis
378 2477 575 2546 auctoribus
600 2476 663 2545 sub
685 2478 899 2572 paragrapho
919 2479 1029 2574 primo
1047 2479 1150 2576 hujus
1170 2483 1261 2578 capi·

134 2596 188 2678 tis,
224 2593 333 2662 multo
364 2592 480 2662 saltem
511 2591 722 2687 probabilior
760 2609 810 2663 est
841 2595 1007 2663 sententia
1046 2616 1150 2690 quam
1184 2613 1259 2667 tue·'

133 2735 222 2779 mur.

651 2833 746 2924 §iu
810 2825 816 2836 '

133 3025 163 3080 Ia
180 3026 328 3100 particulari
343 3025 496 3100 expenditur
507 3026 551 3100 jas
564 3026 715 3098 liturgicum
730 3023 762 3081 de
776 3026 901 3080 breviario
916 3035 939 3080 ot
957 3027 1053 3082 missali
1072 3027 1155 3102 quoad
1180 3028 1265 3084 eccle-

171 3116 220 3170 sias
232 3115 333 3182 latinas,
348 3134 404 3188 quse
416 3134 480 3170 uasa
493 3114 521 3169 S.
533 3114 572 3171 Pii
582 3114 605 3169 V
616 3114 741 3170 breviaria
757 3123 783 3169 et
792 3114 887 3170 missali
898 3114 1024 3172 adstrictae
1045 3135 1096 3172 aori
1111 3119 1225 3188 fueruat,
1239 3127 1265 3174 ct

171 3207 198 3262 in
211 3225 255 3260 sua
270 3207 373 3280 propria
383 3205 487 3278 liturgia
495 3212 682 3260 remanserunt.

156 3444 160 3454 ι
186 3403 333 3474 Ecclesia
351 3401 615 3472 Mediolanensis
628 3399 753 3496 duplici
775 3400 875 3471 titulo
896 3404 1150 3472 Ambrosianum
1166 3401 1265 3472 litur-

136 3521 224 3614 giam
251 3520 396 3588 retinere
423 3520 534 3612 potuit
563 3517 675 3611 :quia
705 3514 831 3584 scilicet
863 3541 931 3584 noa
960 3531 1033 3584 erat
1061 3517 1102 3585 de
1124 3499 1265 3587 numero

136 3633 351 3704 ecclesiarum
380 3635 466 3704 rina
498 3639 658 3703 Romano
679 3631 928 3718 adstrictorum,
953 3647 986 3701 et
1021 3632 1099 3726 quia
1127 3634 1266 3730 insuper

138 3751 276 3844 liturgia
305 3751 440 3844 propria
470 3749 625 3819 ducentis
647 3749 746 3818 aunis
774 3747 966 3842 antiquiore
991 3748 1162 3817 nitebatur.
1178 3735 1265 3818 lteni

137 3864 273 3960 capellae
294 3864 463 3935 Toletanae
479 3865 628 3935 diaecesis
642 3889 680 3933 ex
703 3863 809 3960 priori
822 3861 920 3932 titulo
941 3849 1038 3930 suum
1060 3853 1274 3932 breviaiiiiria‘

138 4000 173 4053 ct
199 3980 333 4052 missale
363 3982 613 4052 Mosarabicum
652 3981 799 4050 retinere
834 3992 1032 4074 potuerunt.
1063 3981 1113 4047 Ex
1140 3962 1267 4049 crateris

137 4113 252 4168 niuem
272 4096 384 4167 latinis
399 4097 560 4186 ecclesiis,
577 4086 624 4167 eae
641 4112 774 4166 tantum
797 4096 840 4164 ab
859 4092 1083 4190 amplexando
1100 4093 1268 4164 breviario

138 4228 174 4283 ct
193 4211 318 4282 missali
340 4215 444 4283 l’iano
465 4227 629 4310 exemptas
643 4227 736 4303 suat,
758 4235 834 4306 quae
853 4209 1080 4281 ducentorum
1100 4234 1266 4279 annorum

140 4327 350 4421 possessione
368 4325 579 4397 fruebantur.

189 4441 314 4534 Quoad
339 4442 533 4538 hujusmodi
550 4440 704 4511 ecclesias
719 4465 795 4537 quaa
808 4438 957 4537 legitime
971 4440 1005 4508 ia
1022 4441 1161 4535 propria
1176 4439 1270 4511 litur-

1055 4577 1096 4652 ¹7
