2978 5076
242 377 310 474 ¹7⁸
708 391 911 441 ratramus
990 385 993 392 '

238 555 254 592 a
273 505 401 596 rituum
422 520 658 614 discrepantia,
677 543 745 586 non
762 532 897 587 tantum
909 516 1107 587 Gallicanas
1122 515 1214 586 inter
1224 517 1365 612 movin-

235 643 349 727 «cias,
377 639 496 709 sedet
523 637 614 706 inter
635 633 789 729 ejusdem
817 633 1001 729 provincias
1030 622 1196 725 civitates,
1219 649 1260 703 ut
1289 659 1361 705 nnn

235 783 252 819 a
268 768 378 849 posset
396 777 435 821 ea
452 776 520 821 non
534 747 716 844 aliquando
735 746 945 817 offendiculo
960 773 1067 818 esse...
1083 751 1220 819 Poterat
1236 765 1271 820 et
1284 750 1362 818 offi-

233 870 398 956 seiorum
418 865 595 936 diversitas
611 863 796 958 aliquando
813 864 920 956 ipsam
939 861 1020 931 lidei
1038 865 1203 934 unitatem
1225 866 1360 934 convel-

233 983 337 1053 alerc
356 997 388 1052 et
405 981 627 1068 labefactare,
649 1005 726 1048 cum
747 979 920 1074 implicata
936 979 1020 1048 adeo
1043 980 1087 1048 sit
1109 979 1232 1050 officiis
1249 979 1362 1050 eccle·

231 1098 405 1168 «siasticis
427 1096 510 1166 fides
538 1095 740 1166 orthodoxa.
760 1098 838 1166 Non
868 1095 992 1188 injuria
1025 1120 1108 1190 ergo
1133 1097 1361 1191 potentissimi

232 1243 251 1280 α
263 1241 356 1310 reges
375 1227 409 1283 et
429 1211 606 1283 catholicae
620 1210 698 1280 fidei
717 1211 937 1282 amantissimi
959 1225 1139 1307 tantopere
1160 1227 1359 1282 exarserunt

231 1331 305 1400 aad
321 1355 394 1398 earn
409 1342 577 1399 cantuset
597 1325 791 1396 olliciorum
808 1329 1064 1396 consonantiam
1086 1329 1177 1397 inter
1200 1329 1359 1399 ecclesias

206 1441 208 1446 ’
233 1475 251 1512 a
265 1447 360 1540 regni
375 1445 427 1513 sui
444 1467 560 1512 omnes
579 1457 612 1510 et
626 1467 705 1511 cunr
719 1446 871 1524 Romana
887 1442 1135 1530 stabiliendam,
1157 1444 1255 1538 cujas
1275 1444 1358 1515 fides
1443 1433 1446 1439 ¹

230 1587 252 1625 s
263 1559 377 1628 illimis
396 1582 528 1652 semper
544 1571 579 1626 et
597 1556 798 1625 intaminata
817 1555 891 1650 ipsa
903 1555 968 1624 sibi
984 1555 1048 1624 luit
1061 1571 1095 1624 et
1110 1556 1145 1624 in
1159 1555 1243 1627 alias
1260 1556 1358 1628 fluxit

229 1675 429 1745 aecclesias.
461 1673 586 1766 Accipe
607 1671 711 1740 verba
737 1673 808 1766 ipsa
834 1670 949 1742 Caroli
971 1671 1101 1766 Magni.
1129 1703 1147 1736 n
1169 1674 1249 1767 (Hic
1271 1674 1357 1744 citat

227 1789 467 1860 Tlromassinus
496 1801 625 1856 textum
653 1812 673 1855 a
703 1787 801 1855 nobis
829 1786 933 1856 modo
958 1785 1121 1874 rolatum,
1145 1788 1206 1882 qni
1235 1789 1356 1885 incipit

228 1904 332 2002 estjam
347 1909 516 1974 Romana
528 1901 710 1987 Ecclesiae,
732 1915 766 1970 et
784 1900 905 1970 deinde
922 1899 1050 1997 subdit)
1065 1927 1073 1971 t
1093 1930 1110 1966 s
1126 1903 1261 1993 Quibus
1273 1903 1355 1973 illud

226 2020 445 2089 «edocemur
461 2043 532 2087 non
556 2031 676 2087 cantus
703 2031 838 2086 tantum
858 2031 891 2085 et
914 2016 1116 2107 officiorum,
1140 2017 1198 2087 sed
1217 2033 1251 2088 et
1276 2018 1355 2088 fidei

228 2164 246 2201 s
260 2159 337 2204 cum
350 2138 504 2203 Romana
512 2131 660 2202 Ecclesia
669 2133 854 2201 concentui
864 2147 1081 2230 prospectum
1092 2131 1240 2201 voluisse
1254 2136 1355 2202 maxi·

225 2281 245 2316 ι
261 2276 334 2320 mos
357 2275 453 2346 reges
471 2263 505 2318 et
527 2248 722 2317 unitati.....
747 2246 858 2316 Facile
878 2247 1134 2341 augurabantur
1160 2247 1356 2342 prudentis·

225 2367 333 2434 nmini
364 2389 472 2458 reges,
497 2378 667 2460 quantum
695 2361 887 2430 immineret
911 2362 1054 2456 periculi
1074 2363 1109 2432 in
1137 2362 1220 2449 fidet,
1245 2365 1352 2458 ipsam

224 2509 241 2545 a
258 2481 480 2549 substantiam
496 2503 536 2546 cx
551 2477 741 2545 officiorum
758 2476 996 2572 discrepantia.
1019 2479 1090 2547 Ncc
1107 2478 1140 2546 in
1156 2478 1268 2548 Gallia
1280 2495 1353 2550 tan·

224 2621 242 2657 a
260 2609 331 2662 tum
358 2593 509 2687 provexit
531 2590 672 2662 Carolus
693 2593 858 2686 Magnus,
879 2591 922 2661 ad
945 2607 1170 2688 optatumque
1192 2596 1352 2689 perduxit

225 2706 359 2776 «linem
377 2707 505 2776 ordinis
530 2719 564 2776 et
594 2721 713 2776 cantus
738 2706 884 2775 Romani
903 2706 1162 2796 institutionem,
1182 2734 1202 2778 a
1228 2711 1352 2805 Pipino

222 2853 239 2890 s
256 2847 335 2918 rege
343 2821 609 2917 coeptam,sedet
627 2823 662 2889 in
683 2819 813 2890 ltaliam
831 2847 906 2916 qua
919 2823 1082 2895 hactenus
1090 2823 1255 2894 reluctata
1275 2825 1350 2894 fue-

223 2975 239 3008 «
254 2958 321 3028 rat,
340 2955 373 3010 et
389 2939 423 3007 in
437 2937 656 3009 Germaniam
674 2939 927 3033 saxoniamque
939 2937 1137 3033 etreliqnos
1149 2941 1351 3034 septentrio·

154 3046 159 3054 ’
223 3089 239 3124 e
255 3057 480 3127 nalestractas
488 3054 628 3123 eandem
638 3053 750 3122 intulit
760 3068 792 3121 ct
805 3053 1035 3124 constabilivit
1045 3081 1158 3124 rerum
1173 3081 1346 3127 sacratum

222 3171 522 3242 «consensionem.
547 3169 590 3237 Id
612 3170 773 3261 ipsemet,
789 3167 876 3238 libro
888 3169 962 3263 jam·
981 3171 1105 3257 citato,
1122 3171 1346 3240 testificatur:

220 3319 238 3356 a
257 3285 508 3384 Quodqut'dem
526 3301 561 3354 et
579 3289 696 3355 Nos...
712 3311 729 3353 n
744 3283 859 3379 (illurn
877 3301 1005 3355 textum
1020 3287 1125 3355 modo
1139 3286 1346 3382 retulimus.)

269 3431 288 3470 a
303 3406 354 3474 Ut
377 3417 490 3473 antem
510 3401 667 3469 omnibus
691 3402 826 3470 obviam
845 3402 953 3470 iretur
976 3402 1149 3471 erroribus
1173 3417 1207 3471 et
1225 3427 1346 3473 corru-
1468 3459 1469 3482 .

217 3551 235 3588 s
250 3519 348 3617 ptelis
367 3520 401 3588 in
421 3519 611 3588 doctrinam
629 3516 781 3605 lidei,vel
804 3518 838 3586 in
856 3543 990 3588 morum
1009 3517 1222 3613 disciplinam
1238 3545 1346 3589 emer·
1467 3549 1468 3567 ¹

218 3637 351 3724 «suris,
384 3659 426 3704 cx
452 3633 643 3703 diversitate
667 3657 735 3702 non
764 3647 895 3702 tantum
926 3649 1057 3725 cantus,
1085 3634 1206 3705 sedet
1234 3650 1344 3705 textus
1466 3627 1467 3652 ¹

216 3753 442 3822 «divinorum
463 3749 665 3835 officiorum,
688 3749 852 3844 flagitavit
878 3735 1021 3820 Carolus
1042 3753 1193 3846 Magnus
1212 3755 1345 3848 Grego-
1464 3715 1466 3782 ,¹

215 3897 236 3934 <c
251 3869 292 3937 rii
311 3867 427 3963 Magni
441 3865 738 3938 sacramentarium
753 3865 796 3934 ab
812 3865 960 3936 Adriano
973 3869 1066 3960 Papa
1079 3891 1087 3951 ;
1106 3866 1165 3960 qui
1183 3864 1269 3936 illud
1284 3893 1343 3961 per

216 3990 412 4056 «loannem
441 3983 614 4064 Abbatem,
633 3969 862 4052 Raiennatem
889 3983 1104 4052 transmisit:
1138 3987 1195 4052 De
1218 4007 1342 4054 suorn-

212 4133 231 4168 a
247 4099 420 4171 mentatio
442 4123 543 4185 vcro,
575 4126 597 4168 a
625 4114 751 4168 sancto
767 4096 1030 4194 praedecessore
1058 4115 1180 4169 nostro
1208 4097 1339 4187 deifluo

213 4218 411 4314 «Gregorio
432 4212 611 4310 (disposito,
630 4211 855 4310 jampridem
880 4213 1017 4284 Paulas
1035 4217 1295 4312 grammaticus
1314 4241 1339 4284 a

214 4366 231 4401 a
249 4333 348 4406 nobrs
369 4357 449 4402 eam
465 4355 534 4427 pro
551 4327 655 4399 vobis
664 4331 783 4426 petiit,
808 4344 842 4398 ct
855 4329 1046 4400 secundum
1061 4345 1194 4402 sancte
1210 4347 1338 4401 nostra

214 4477 233 4516 a
251 4447 417 4520 Ecclesia¹
434 4443 658 4532 traditionem
666 4469 738 4541 per·
753 4449 930 4517 Ioannem
948 4445 1125 4518 Abbntem
1147 4433 1336 4518 Excellen-
