2978 5076
227 367 295 439 ¹7⁰
680 356 885 408 cancrosus

225 515 242 550 a
258 484 350 555 leudi
367 498 399 554 et
410 480 623 555 ministrandi
639 505 755 576 parem
770 476 1050 555 consuetudinem
1067 475 1300 566 tenentium.
1315 503 1348 568 a,

225 601 317 698 apud
340 600 468 690 Labbe,
489 613 513 668 t.
537 598 595 694 V).

740 783 835 875 §111-

528 975 697 1036 Gonclnditur
705 975 784 1034 thesis
797 975 935 1050 propositae
942 975 1054 1033 πίω.

274 1157 327 1224 Ex
346 1153 500 1223 adductis
518 1150 748 1222 monumentis
766 1163 898 1219 constat
920 1149 1041 1243 quinto
1061 1164 1095 1218 et
1114 1163 1208 1218 sexto
1229 1149 1350 1220 soeculo

227 1293 247 1338 a
274 1267 427 1364 pluribus
453 1263 589 1362 synodis
611 1263 653 1334 ad
683 1264 850 1333 unitatem
876 1259 1169 1360 metropolitanam
1195 1264 1351 1335 reductas

227 1383 328 1454 fuisse
342 1381 515 1478 liturgias3
532 1382 626 1474 atqui
642 1378 818 1448 addictam
835 1381 999 1449 unitatem
1012 1379 1127 1450 reduci
1142 1405 1211 1452 non
1221 1382 1350 1478 potuis·

229 1517 304 1572 sent
318 1501 419 1569 unius
437 1498 619 1593 provinciae
635 1495 805 1586 dioeceses,
827 1499 890 1566 nisi
910 1498 1050 1567 diversis
1068 1483 1213 1594 liturgiae
1233 1483 1351 1568 formis

228 1616 317 1686 inter
340 1641 375 1683 se
398 1613 663 1706 discrepassent;
684 1637 764 1706 ergo
790 1627 868 1682 ante
889 1613 1047 1708 quintum
1073 1612 1233 1704 saeculum
1252 1612 1351 1682 variae

228 1731 388 1826 vigebant
408 1727 552 1824 liturgiae
569 1729 603 1796 in
621 1727 721 1796 variis
745 1727 895 1821 ejusdem
925 1729 1106 1824 provinciae
1125 1728 1351 1800 ecclesiastica

230 1843 442 1914 dioecesibus.
467 1847 574 1912 Porro
596 1837 806 1938 singularum
830 1843 1013 1914 diaeceseon
1035 1843 1227 1940 hujusmodi
1253 1843 1353 1914 litur-

230 1960 299 2058 gias
319 1985 387 2030 non
408 1961 545 2056 regebat
560 1985 622 2030 nec
639 1959 896 2046 determinabat,
913 1962 1027 2055 quoad
1049 1986 1166 2031 ornnes
1179 1961 1304 2030 formas
1319 1975 1353 2030 et

228 2079 328 2169 ritus,
353 2077 548 2174 Apostolica
577 2077 688 2168 sedes,
707 2103 748 2146 ex
773 2078 846 2147 aliis
878 2078 1042 2174 siquidem
1069 2079 1171 2174 hujus
1189 2079 1250 2148 aevi
1275 2103 1353 2148 mox

229 2193 411 2264 afferendis
432 2196 659 2264 monumentis
682 2209 833 2285 constat,
854 2199 1026 2266 Romanos
1042 2194 1223 2264 Pontifices
1241 2196 1353 2291 impu-

229 2309 306 2380 lisse
325 2311 460 2406 quidem
479 2308 602 2406 pluries
621 2307 818 2380 Occidentis
834 2308 988 2380 ccclesias
1006 2325 1044 2380 ut
1061 2335 1131 2380 sese
1147 2334 1295 2380 romanae
1314 2307 1355 2378 li·

230 2426 350 2521 turgiae
371 2425 641 2515 conformarent3
665 2426 699 2494 id
726 2441 841 2494 tamen
869 2451 1027 2522 expresso
1053 2407 1086 2496 et
1108 2427 1244 2521 proprie
1264 2425 1353 2494 dicto

229 2541 390 2610 mandato
406 2565 473 2608 non
488 2541 678 2633 imperasse.
694 2543 737 2610 Et
755 2555 914 2634 praterea
942 2542 970 2610 si
984 2544 1177 2610 Romanum
1194 2541 1229 2608 in
1243 2538 1352 2608 omni·

230 2653 293 2722 bus
309 2653 433 2722 servari
448 2679 576 2722 morem
590 2653 788 2724 decrevisset
805 2655 898 2724 sedes
912 2655 1123 2751 Apostolica,
1141 2681 1209 2726 non
1227 2670 1353 2726 metro·

230 2769 416 2865 politanam
433 2783 564 2837 tautum
577 2767 741 2838 unitatem
763 2761 955 2840 statuissent
967 2771 1108 2840 concilia
1126 2768 1354 2865 provincialia,

230 2883 288 2954 sed
310 2884 483 2954 decretum
510 2883 725 2980 pontificium
749 2885 790 2954 de
816 2885 1025 2957 observando
1053 2887 1180 2981 ubique
1197 2889 1355 2980 Romano

230 3000 299 3070 ritu
321 2999 603 3097 promulgassent.
619 3000 766 3072 Aliunde
785 3005 930 3100 supponi
951 3006 1068 3099 nequit
1085 3002 1231 3100 liturgiae
1250 3004 1356 3072 omni·

232 3117 368 3187 modam
388 3115 632 3212 regulationem
664 3134 743 3189 ante
761 3118 921 3189 saeculum
947 3121 1106 3216 quintum
1133 3121 1234 3190 fuisse
1253 3143 1355 3216 penes

230 3231 531 3328 metropolitanum
553 3234 739 3304 antistitem
760 3251 818 3304 aut
850 3236 1090 3330 provincialem
1118 3237 1303 3334 synodum;
1329 3237 1354 3306 si

232 3347 321 3417 enim
339 3347 466 3416 rituum
491 3362 594 3442 atquc
619 3345 813 3417 officiorum
835 3353 933 3442 ratic,
958 3367 1061 3447 atquc
1079 3349 1274 3420 omnimoda
1294 3375 1355 3446 pro

231 3488 434 3558 unaquaque
449 3461 582 3534 dioecesi
598 3463 848 3557 determinatio,
862 3467 933 3538 sola
946 3466 1197 3562 metropolitani
1211 3481 1272 3537 aut
1286 3490 1357 3562 pro·

231 3578 383 3647 vincialis
403 3579 522 3674 synodi
540 3581 743 3650 auctoritate
764 3582 899 3652 decerni
919 3583 1100 3678 potuisset,
1125 3582 1268 3652 varietas
1287 3606 1354 3652 non

232 3691 369 3762 inducta
397 3691 527 3781 fuisset,
555 3721 617 3765 nce
636 3697 774 3767 inducta
792 3697 992 3795 corrigenda
1010 3698 1139 3770 luisset.
1165 3701 1253 3769 Cum
1275 3721 1355 3794 ergo

231 3835 342 3905 neque
356 3811 556 3879 auctoritate
575 3814 903 3918 SummisPontificis,
919 3841 1028 3912 neque
1042 3816 1246 3886 auctoritate
1260 3838 1355 3910 syno-

233 3923 355 3994 dorum
371 3925 645 4020 provincialium,
666 3954 775 4024 neque
792 3932 994 4002 auctoritate
1010 3929 1276 4028 metropolitani,
1298 3929 1355 4000 de·

231 4041 404 4112 terminari
426 4044 459 4110 in
481 4043 639 4130 omnibus
653 4043 750 4117 solita
767 4047 869 4118 suerit
883 4048 1092 4144 singularum
1116 4044 1304 4118 dioeceseon
1317 4044 1356 4116 li·

232 4158 363 4252 turgia,
379 4156 647 4228 concludendum
663 4177 714 4232 est
732 4161 975 4259 regulatiouem
988 4162 1080 4234 illam
1101 4161 1253 4234 locorum
1268 4157 1355 4232 ordi·

231 4274 348 4363 nariis,
377 4273 494 4343 saltem
526 4277 637 4370 quoad
660 4277 783 4368 multa,
813 4281 1011 4352 remansisse
1037 4306 1144 4377 usque
1167 4280 1211 4352 ad
1228 4279 1353 4350 dictum

231 4389 389 4462 saeculum
408 4393 604 4489 permissam
623 4410 724 4488 atque
743 4395 938 4489 subjectam.
