2982 5072
496 342 544 387 nn
570 341 656 390 suaa
680 343 886 392 urrunelco.
937 409 943 416 Ι
1207 349 1251 424 77

127 498 256 570 preces,
269 474 305 542 in
324 495 401 540 cum
416 468 519 538 finem
536 484 607 538 uta
621 467 796 548 doloribus
810 468 1007 558 liberentur,
1020 485 1055 542 et
1077 472 1121 540 ad
1140 497 1257 567 pacem

126 604 160 659 et
180 589 329 682 quietem
347 584 567 678 recipiantur.
584 587 677 677 Ergo
702 583 898 654 universalis
915 600 949 654 et
967 601 1198 680 perpetuaest
1217 587 1258 657 li-

13 689 14 694 *
74 793 77 799 Δ
127 703 318 796 turgiarum
331 699 442 768 vorin
459 697 679 792 exprimendo
698 700 886 793 purgatorii
903 699 1072 771 catholico
1085 702 1255 798 dogmate.

127 821 216 912 Ergo
245 840 362 885 verum
390 811 474 882 illud
494 812 627 908 dogma.

173 930 367 1026 Propositio
389 927 456 1000 13¹.
475 932 549 998 Per
562 928 745 1028 liturgiam
754 953 879 998 verum
893 926 1132 1002 demonstrari
1136 947 1259 1026 potest

127 1049 256 1148 dogma
279 1045 324 1118 dc
348 1045 444 1117 cultu
463 1061 499 1116 ct
516 1048 736 1128 inuocatione
761 1062 978 1118 sanctorum.
1001 1089 1049 1102 -
1075 1051 1138 1120 Per
1159 1049 1259 1120 litur-

129 1168 216 1262 giam
247 1188 424 1236 romanam
446 1162 548 1232 hodie
565 1165 658 1258 apud
681 1163 947 1258 quamplurimas
965 1163 1120 1236 ecclesias
1144 1167 1254 1237 catho

128 1281 207 1352 licas
226 1281 396 1376 vigentem
412 1277 504 1348 clare
518 1281 583 1349 hoc
608 1279 730 1372 dogma
746 1281 890 1373 exprimi
910 1295 1036 1350 norunt
1062 1305 1189 1350 omnes.
1208 1284 1260 1350 Ex

128 1421 198 1491 quo
214 1394 289 1466 solo
310 1395 517 1483 testimonio,
538 1409 576 1464 ut
591 1395 690 1463 toties
709 1395 868 1481 diximus,
886 1397 966 1464 satis
984 1409 1155 1466 constaret
1168 1394 1260 1472 illius

130 1512 297 1606 dogmatis
321 1511 458 1581 veritas.
483 1509 551 1580 Sed
570 1511 709 1604 iusuper
727 1512 763 1580 in
782 1512 1045 1580 sacramentario
1069 1513 1257 1601 Leoniano,

130 1627 288 1698 columna
300 1623 384 1722 293,
401 1627 449 1694 sic
481 1614 623 1718 legimus
637 1649 645 1692 t
661 1653 678 1688 a
701 1624 776 1694 Tibi
801 1625 892 1695 euim
911 1625 1040 1719 ¹festina
1063 1613 1260 1699 solemnitas

130 1744 291 1837 «agitur,
319 1741 383 1809 tibi
415 1739 487 1809 dies
510 1753 639 1809 sacrata
665 1737 876 1828 celebratur,
906 1765 1009 1832 quam
1039 1741 1129 1812 beati
1153 1743 1260 1812 sancti

130 1857 312 1928 «Tiburtii
333 1855 489 1950 martyris
513 1856 564 1922 tui
583 1855 735 1949 sanguis,
758 1869 844 1925 etc...
868 1859 958 1926 Tuas
979 1856 1083 1947 enim,
1099 1859 1262 1944 Domine,

132 1973 323 2058 «virtutes,
342 1985 485 2062 tuasque
504 1968 665 2038 victorias
681 1969 901 2054 admiramur,
920 1972 1050 2063 quoties
1068 1971 1103 2038 in
1115 1969 1265 2042 Ecclesia

131 2117 148 2152 a
165 2101 224 2156 tua
238 2085 363 2154 horum
380 2084 512 2152 dierum
542 2082 628 2152 festa
651 2082 877 2154 celebrantur.
898 2113 915 2148 a
931 2089 977 2156 Et
993 2083 1151 2155 columna
1170 2085 1264 2182 396:

132 2231 148 2266 a
166 2199 343 2296 Quidquid
358 2200 448 2268 enirn
469 2213 665 2268 sanctorum
690 2211 827 2266 tuorum
844 2199 972 2266 meritis
995 2199 1207 2284 adhibemus,
1222 2201 1265 2270 ad

133 2331 261 2384 «tuam
294 2312 429 2384 laudem
456 2313 601 2383 recurrit
634 2325 668 2380 et
696 2311 847 2406 gloriam.
872 2341 890 2378 »
908 2316 953 2382 Et
977 2311 1135 2382 columna
1168 2313 1264 2411 293:

133 2435 292 2500 «Praesta
311 2430 420 2516 nobis,
442 2427 604 2516 Domine,
622 2426 888 2504 misericordiam
922 2441 1036 2513 tuam,
1069 2444 1264 2500 sauctorum

133 2565 307 2620 «tuorum
327 2547 497 2642 suffragiis
520 2545 750 2640 imploratam,
767 2561 802 2616 et
818 2571 905 2640 quos
928 2547 1166 2618 intercessores
1188 2573 1267 2618 nos-

135 2679 238 2733 atros
266 2687 337 2732 esse
367 2661 537 2745 tribuisti,
561 2660 615 2728 fac
639 2683 696 2728 eos
717 2674 751 2729 et
781 2661 988 2754 majestatem
1017 2676 1112 2730 tuam
1138 2664 1267 2756 jugiter

134 2780 323 2864 «exorare,
340 2791 373 2848 et
395 2774 556 2846 salutaria
583 2775 766 2869 impetrare
790 2797 854 2868 pro
880 2775 991 2845 nobis.
1008 2806 1026 2841 a
1044 2779 1089 2845 Et
1109 2773 1267 2847 columna

136 2895 230 2990 296:
251 2923 268 2958 a
284 2898 451 2988 Impetret
483 2916 694 2985 quaesumus,
720 2890 882 2980 Domine,
904 2890 1060 2962 fidelibus
1080 2893 1146 2960 tuis
1171 2892 1267 2960 auxi-

137 3039 153 3074 «
169 3009 252 3080 linm
272 3008 384 3080 oratio
401 3021 611 3085 sanctorum.
636 3035 653 3072 o

181 3126 270 3191 Item
289 3109 325 3189 in
339 3119 601 3190 sacramentario
612 3116 803 3207 Gelasiano,
819 3119 942 3216 pagina
956 3143 975 3216 7
994 3145 1001 3187 :
1018 3119 1139 3189 «Sicut
1153 3119 1268 3192 divina

138 3263 154 3299 a
175 3234 353 3306 laudamus
376 3235 412 3302 in
431 3235 540 3303 saneti
571 3233 736 3327 Stephani
763 3235 918 3328 passione
940 3233 1127 3329 magnalia,
1151 3236 1197 3304 ita
1225 3236 1269 3305 sit
1371 3293 1373 3298 ,

137 3348 360 3444 «fragilitatis
379 3361 502 3416 nostrae
518 3360 697 3442 promptus
716 3345 864 3440 adjutor.
887 3376 905 3411 »

182 3467 271 3532 Item
289 3463 324 3536 in
335 3460 461 3534 missali
479 3462 628 3556 gothico,
643 3461 769 3556 pagina
791 3465 861 3546 242
882 3486 891 3528 τ
913 3465 963 3531 Ut
988 3486 1051 3558 per
1078 3462 1269 3559 triumphos

138 3606 153 3642 α
171 3593 310 3648 tuorum
335 3577 472 3648 testium
499 3592 533 3647 et
551 3576 805 3646 solemnitatum
829 3574 972 3672 gloriam
985 3590 1032 3646 -et
1050 3576 1269 3650 devotionum

137 3690 323 3788 «exempla
336 3693 533 3787 susciperes.
552 3721 571 3758 a
592 3695 636 3762 Et
656 3692 781 3786 pagina
799 3690 867 3785 ²37
888 3718 897 3760 τ
918 3720 936 3758 a
961 3695 1107 3764 Oremus
1128 3719 1209 3788 ergo
1232 3709 1271 3764 ut

139 3835 155 3871 a
173 3832 238 3903 pro
255 3807 358 3877 nobis
379 3807 584 3877 interveniat
599 3805 907 3903 precibuslsancta
924 3805 1062 3903 Agnes),
1079 3831 1153 3902 quae
1169 3807 1270 3904 digna

139 3923 303 3994 «adstitit
323 3924 447 3994 divinis
468 3913 656 4004 obtutibus.
681 3951 699 3988 a

184 4043 274 4109 Item
288 4038 326 4108 in
351 4036 478 4108 missali
503 4043 731 4123 Francorum,
753 4039 878 4133 pagina
895 4034 968 4134 359
989 4063 997 4108 a
1015 4066 1035 4105 a
1049 4037 1153 4108 Unde
1168 4038 1272 4110 bene-

140 4183 156 4219 a
173 4155 317 4244 dicimus
330 4170 377 4246 tc,
397 4155 558 4245 Domine,
574 4154 780 4251 inoperibus
799 4155 881 4245 tuis,
899 4170 1001 4250 teque
1022 4154 1058 4223 in
1077 4167 1271 4222 sanctorum

141 4285 313 4358 «tuorum
331 4270 542 4367 profectione
553 4270 756 4348 laudamus.
779 4299 797 4338 n
814 4274 861 4342 Et
882 4272 1006 4367 pagina
1026 4267 1097 4342 358
1114 4295 1123 4338 t
1138 4297 1161 4340 ,a
1180 4272 1271 4363 Sup-

144 4414 160 4450 «
172 4387 409 4482 plicationibus
431 4386 844 4481 nostrismisericordiam
869 4402 964 4462 tuam
983 4385 1187 4458 confidimus
1208 4383 1271 4454 ad·
