3018 5070
232 327 281 411 64
692 349 896 396 rascatius
979 355 983 362 ·

234 491 268 545 et
282 499 350 544 non
365 487 501 543 tantum
513 469 604 566 apud
620 471 884 568 monophysitas,
903 471 961 544 sed
979 488 1017 543 et
1032 472 1123 568 apud
1142 471 1357 544 orthodoxos

232 591 393 686 aegyptios
412 600 588 681 usurpata.
614 591 700 656 Item
724 589 759 656 in
785 587 958 682 aliquibus
984 588 1133 682 antiquis
1152 588 1356 660 Occidenta-

232 704 315 774 lium
325 701 513 772 missalibus
526 702 676 772 occurrit
691 704 791 774 missa
802 727 865 798 pro
879 701 1044 772 levamine
1062 703 1253 772 animarum
1266 704 1359 774 dem-

231 833 444 910 natarum‚et
455 841 554 886 nemo
568 819 674 886 nescit
684 817 907 888 acatholioam
918 843 988 888 esse
998 819 1201 888 sententiam
1211 843 1278 911 qua
1298 844 1357 888 as-

230 931 1356 1029 seriturpossedarnaatosperorationcsnostraslevamena'ocipcre.

278 1053 491 1120 Responsio.
510 1087 559 1100 -
577 1053 629 1118 Ex
644 1048 836 1142 objectione
858 1050 1011 1142 sequitur
1032 1063 1164 1119 tantum
1187 1049 1229 1118 ab
1243 1073 1358 1120 errore

230 1188 349 1258 puram
368 1147 555 1232 necessario
571 1187 641 1230 uon
664 1186 735 1232 esse
755 1161 928 1258 liturgiam
949 1162 1091 1256 alicujus
1114 1161 1258 1232 ecclesia
1279 1189 1357 1257 par·

232 1277 403 1368 titularis,
421 1277 600 1346 autetiam
626 1301 812 1370 paucarum
830 1276 1047 1348 ecclesiarum
1079 1276 1356 1374 particularium

229 1393 323 1488 quod
340 1407 451 1485 negot¹
464 1416 575 1460 nerno.
604 1391 759 1480 Quaestio
774 1406 887 1464 autem
909 1408 976 1481 est,
995 1408 1111 1462 utrum
1140 1418 1204 1487 pro
1223 1398 1304 1486 ‘uera
1323 1409 1357 1464 et

219 1523 320 1586 ¹certa
339 1505 483 1576 tenenda
504 1505 714 1576 sitdootrina
735 1531 837 1600 quam
855 1505 944 1577 clare
968 1523 1003 1578 et
1027 1507 1163 1603 publice
1182 1532 1242 1602 per
1260 1506 1357 1578 litur-

229 1625 318 1718 giam
349 1621 555 1716 profitentur
583 1620 636 1690 vel
661 1619 810 1692 Ecclesia
844 1626 1009 1713 Romana,
1039 1622 1093 1692 vel
1123 1621 1356 1694 universalitas

230 1737 446 1807 ecclesiarum
476 1734 734 1808 catholicarum.
755 1740 861 1808 ,Cum
899 1761 982 1832 ergo
1011 1738 1159 1832 objectio
1191 1753 1355 1809 memoret

227 1867 360 1922 tantum
379 1875 531 1939 errores,
557 1851 616 1943 qui
647 1851 683 1921 in
712 1850 884 1946 liturgiam
903 1851 1045 1947 alicujus
1077 1853 1129 1924 vel
1163 1853 1355 1948 aliquarum

225 1964 483 2062 particularium
514 1964 731 2036 ecclesiarum
772 1967 861 2036 forte
882 1983 883 1988 ’
904 1966 1088 2062 aliquando
1125 1969 1353 2063 irrepserunt,

225 2097 319 2152 extra
338 2081 556 2176 quaestionem
572 2095 740 2176 vagatur;
761 2108 823 2152 nee
835 2097 885 2154 est
896 2108 959 2154 cur
975 2085 1154 2179 ipsammet
1183 2084 1225 2154 de
1255 2083 1352 2154 factis

224 2200 367 2294 objectis
378 2197 619 2270 discussionem
637 2198 882 2294 ingrediamur.

736 2405 755 2494 5
773 2406 834 2474 tv.

273 2601 432 2656 Adhibenda
444 2602 471 2656 in
487 2601 663 2675 probationem
676 2598 860 2654 catholicorum
872 2599 1020 2674 dogmatum
1031 2599 1140 2674 liturgioe
1154 2600 1292 2674 specimen.

266 2781 460 2875 Propositio
494 2785 538 2852 1⁰.
573 2782 733 2878 Li'lurgia
767 2780 952 2850 Trinitatis
985 2779 1115 2879 dogma
1149 2806 1274 2852 verum
1292 2781 1350 2851 da·

220 2911 407 2968 monstrnt.
426 2937 474 2950 --
493 2896 608 2985 Quam
628 2894 764 2964 abunde
781 2910 817 2964 et
838 2919 941 2988 quam
963 2893 1052 2966 clare
1074 2895 1197 2990 dogma
1217 2896 1299 2966 illud
1312 2897 1347 2966 in

218 3012 385 3082 hodierna
401 3011 539 3106 liturgia
560 3010 716 3080 Ecclesiae
737 3013 901 3080 Romanae
919 3010 1129 3106 exprimatur
1152 3035 1253 3082 nemo
1287 3038 1349 3082 ne-

219 3127 293 3198 scit.
309 3132 416 3196 Porro
435 3126 571 3220 liturgia
593 3149 745 3212 romana,
761 3125 891 3220 quaeJde
910 3125 1000 3196 facto
1019 3141 1070 3196 est
1088 3125 1187 3196 simul
1210 3126 1349 3221 liturgia

218 3241 547 3338 quamplurimarum
574 3240 793 3312 ecclesiarum
808 3241 1076 3333 Catholicarum,
1093 3265 1244 3313 errorem
1265 3243 1345 3314 cori·

219 3360 324 3428 tinere
340 3372 374 3428 et
389 3357 540 3453 profiteri
562 3357 692 3452 nequit,
712 3371 750 3425 ut
768 3379 870 3450 supra
888 3359 1069 3451 probatum
1092 3373 1152 3428 est.
1220 3392 1223 3400 ·

268 3475 334 3544 Sed
350 3475 489 3567 insuper
506 3473 638 3543 accedit
651 3487 806 3542 veterum
833 3471 1048 3568 liturgiarum
1069 3475 1104 3542 in
1128 3473 1348 3569 exprimendo

218 3588 335 3658 codem
352 3588 510 3681 dogmate
527 3589 674 3682 perfecta
694 3588 885 3658 consensio.
908 3591 963 3659 Sic
981 3591 1072 3659 enim
1096 3590 1199 3660 habet
1231 3615 1349 3660 sacra·-

218 3706 423 3772 mentarium
434 3701 652 3774 Gelasianum
667 3729 675 3772 τ
693 3705 761 3772 Hic
774 3705 919 3798 spiritur
927 3708 1081 3776 Sanetus
1093 3708 1133 3776 in
1141 3705 1265 3776 endem
1275 3731 1349 3804 qun

218 3823 329 3887 Pater·
345 3832 379 3886 et
393 3817 510 3886 Filius
527 3816 659 3887 deitate
677 3815 887 3891 indiscretus
911 3818 1091 3916 adcr'pritur
1105 3820 1222 3918 (editio
1254 3823 1347 3892 Tho·

220 3933 329 4018 masii‚
350 3957 427 4027 pag.
445 3931 519 4027 46).
536 3936 621 4003 Item
644 3933 782 4004 missale
809 3936 1012 4032 gothicum:
1038 3942 1153 4009 Unum
1176 3937 1347 4009 te‘Deum

219 4047 471 4134 dominantem,
492 4045 698 4121 distinctum
719 4075 784 4122 nec
804 4049 967 4141 dr'vr'snm,
992 4053 1123 4123 trinum
1136 4051 1210 4123 ‘nec
1232 4053 1348 4149 tripli-

218 4188 305 4248 cem,
322 4163 436 4234 solum
449 4189 514 4235 nee
528 4165 741 4260 solitarium
760 4189 913 4237 consona
931 4167 1119 4239 laudamus
1136 4167 1225 4240 voce
1238 4169 1348 4266 (apud

217 4278 375 4348 Thomasi
399 4291 481 4349 tom.
495 4276 533 4369 6,
549 4305 628 4376 pag.
645 4278 742 4376 243).
762 4283 857 4350 Item¹
868 4280 904 4349 in
921 4284 1129 4352 conservatis
1147 4283 1347 4379 fragmentis

216 4391 337 4462 veteris
351 4391 523 4488 gallicanae
537 4393 680 4491 liturgiae
694 4403 706 4464 τ’
715 4400 759 4466 In
779 4397 952 4467 Trinitate
965 4395 1094 4468 divr'nn
1107 4423 1176 4470 non
1191 4414 1245 4470 est
1253 4397 1354 4496 quod
