2978 5076
219 349 292 433 adil
679 367 885 416 anserinus

216 512 329 567 autem
344 492 630 592 Congregationis
648 491 889 563 declarationes
908 493 942 562 in
961 493 1054 562 hunc
1070 515 1218 580 sensum,
1237 493 1349 566 abun·

217 612 318 699 ‹lant3
346 635 429 706 quas
448 609 574 680 citandi
600 609 634 678 in
657 607 787 703 reliqua
805 608 1005 678 tractatione
1018 606 1177 704 frequens
1191 625 1349 680 occurret

219 727 363 797 occasio.

273 839 429 938 OhJi'cies
443 879 489 894 -
504 838 651 908 Licitum
671 850 723 909 est
747 837 921 932 Episcopis
938 839 1199 908 constitutiones
1214 853 1350 934 aposto·

221 957 303 1030 licas
322 981 390 1026 non
409 969 586 1049 acceptare
605 968 639 1022 et
661 977 729 1022 non
748 951 933 1046 publicare,
954 966 988 1022 et
1010 951 1059 1022 sic
1074 954 1238 1048 impedire
1257 979 1300 1024 ne
1313 955 1349 1024 in

221 1075 292 1145 suis
312 1071 510 1141 dioecesibus
528 1070 597 1138 vim
618 1068 701 1163 legis
726 1067 891 1155 babeant;
909 1069 1004 1162 atqui
1032 1067 1242 1138 contrarium
1267 1093 1351 1166 sup·

222 1189 319 1284 pouit
351 1187 474 1276 tltesis3
502 1210 585 1281 ergo
615 1183 797 1280 rejicienda
824 1197 884 1254 est.
907 1183 1099 1256 Dicendum
1128 1183 1256 1254 scilicet
1280 1209 1348 1254 nou

222 1320 355 1376 tanturn
375 1299 531 1371 ecclesias
549 1300 612 1369 sub
634 1299 829 1394 exceptione
847 1298 974 1368 decreti
1005 1299 1100 1367 Piani
1125 1299 1350 1394 comprehen-

222 1445 275 1492 sas
295 1446 313 1489 a
332 1419 426 1488 dicto
446 1416 583 1486 decreto
595 1429 768 1510 exemptas
783 1413 899 1502 fuisse,
920 1414 978 1484 sed
998 1439 1037 1484 cx
1053 1413 1125 1486 aliis
1140 1439 1194 1484 eas
1213 1429 1349 1484 tautum

222 1537 341 1633 ligatas
359 1535 473 1618 fuisse,
494 1557 640 1627 quarum
663 1524 823 1627 Episcopi
841 1530 1118 1600 constitutionem
1136 1532 1275 1601 Planum
1293 1557 1351 1602 ac·

221 1667 359 1749 ceptarc
378 1665 412 1719 et
430 1645 607 1743 publicare
623 1658 855 1741 opportunum
864 1643 1076 1738 judicarunt.

273 1761 476 1861 despondeo
503 1762 545 1830 ad
568 1761 729 1856 majorem
755 1786 764 1828 ε
792 1760 939 1830 Licitum
962 1775 1016 1830 est
1033 1759 1234 1856 Episcopis,
1254 1775 1346 1834 etc...

221 1885 421 1975 distinguo:
442 1879 542 1948 etiam
570 1877 707 1973 quando
740 1876 840 1946 sedes
865 1875 1063 1973 Apostolica
1086 1874 1158 1946 vult
1183 1878 1351 1946 constitu·

223 2001 351 2070 tionem
382 1992 533 2087 obligare
561 1991 828 2089 independenter·
854 1992 896 2060 ab
927 1992 1020 2061 omni
1049 1993 1279 2087 acceptatione
1316 2007 1352 2062 et

223 2110 456 2209 publicatione
475 2109 510 2175 iu
529 2108 742 2196 dioeccsibus,
763 2131 874 2206 nego,·
889 2121 1020 2180 certum
1039 2107 1199 2180 estcuim
1221 2106 1351 2178 Christi

223 2231 258 2298 in
278 2226 376 2296 terris
395 2223 571 2310 vicariurn,
593 2226 647 2292 cui
669 2223 702 2291 in
724 2247 865 2318 persona
887 2221 979 2292 Petri
996 2220 1075 2290 data
1097 2235 1147 2290 est
1166 2218 1268 2316 plena
1286 2246 1350 2315 po·

223 2358 324 2414 testas
338 2363 444 2433 agnos
461 2353 496 2408 et
514 2363 606 2431 oves,
623 2340 734 2424 idest,
758 2337 872 2408 fideles
886 2351 987 2432 atque
1003 2337 1160 2408 Praelatos
1179 2338 1350 2443 pascendi,

223 2455 363 2553 regendi
394 2468 428 2522 et
457 2453 680 2548 gubernandi,
711 2479 808 2549 posse
840 2457 908 2524 suis
942 2453 1116 2549 praeceptis
1151 2469 1186 2523 et
1219 2452 1352 2548 legibus

223 2592 468 2669 quoscumque,
491 2569 593 2637 ctiam
612 2570 809 2663 Episcopus,
839 2567 956 2666 ligare,
986 2585 1020 2639 ct
1041 2569 1223 2638 renitentes
1242 2569 1351 2664 poenis

222 2709 401 2769 coercere3
420 2683 578 2752 doctrina
599 2709 681 2753 vcro
700 2685 870 2754 contraria
892 2683 992 2779 pleua
1015 2699 1065 2754 est
1086 2709 1214 2774 errore,
1238 2683 1352 2754 rebel-

225 2802 316 2872 lione
337 2813 370 2865 ct
395 2797 586 2868 schismate.
606 2798 813 2886 -Quando
843 2799 936 2868 sedes
962 2797 1154 2895 Apostolica
1183 2800 1352 2870 consentit

226 2929 267 2984 ut
281 2938 340 2982 sua
360 2913 559 2982 constitutio
573 2936 641 2983 non
656 2911 783 3008 obliget
799 2929 879 2984 ante
898 2917 1162 3011 acceptationem
1182 2931 1215 2985 et
1231 2915 1352 3012 publi-

226 3030 395 3100 rationem
422 3029 454 3096 in
474 3028 684 3117 dioecesibus,
705 3025 947 3128 subdistingue
966 3036 1039 3102 :Et
1059 3015 1140 3101 tuac
1161 3031 1352 3126 Episcopus

229 3170 296 3212 nou
316 3157 493 3237 acceptans
513 3158 648 3214 tenetur
662 3145 943 3239 supplicationem
966 3145 1009 3216 ad
1023 3151 1213 3216 Romanum
1230 3149 1352 3216 Ponti·

227 3259 324 3329 ficem
345 3260 489 3354 dirigere
502 3273 535 3328 et
550 3285 667 3332 causas
685 3286 754 3330 non
775 3261 972 3357 acceptaudi
990 3264 1187 3332 submittere
1205 3261 1305 3357 (quas
1323 3265 1352 3333 si

227 3401 296 3444 non
320 3375 492 3470 approbet
508 3373 758 3462 Sanctissimus,
779 3375 950 3445 tenebitur
971 3378 1159 3471 Episcopus
1174 3391 1353 3472 acceptare

226 3506 260 3560 ct
284 3488 475 3585 prrblicare3
497 3493 524 3561 si
557 3516 636 3560 vero
670 3492 835 3586 approbet
866 3516 909 3561 ex
936 3491 1069 3561 indulto
1095 3491 1271 3588 pontificio
1294 3489 1353 3562 illa

130 3611 139 3626 “
226 3607 378 3676 dioecesis
403 3605 514 3702 alege
541 3606 737 3702 eximetur),
763 3605 913 3677 concedo
930 3631 941 3675 .·
960 3623 995 3677 et
1018 3610 1144 3704 poterit
1165 3607 1354 3704 Episcopus

226 3722 500 3792 constitutionem
519 3721 730 3818 pontificiam
748 3747 816 3791 non
838 3735 1028 3819 acceptare,
1046 3723 1145 3792 ctiam
1165 3703 1259 3792 nulla
1272 3749 1355 3818 sup-

225 3838 408 3931 plicatione
425 3838 565 3927 directa,
584 3851 643 3914 aut
659 3852 838 3933 postquam
857 3838 1006 3907 rationes
1025 3837 1068 3905 ab
1084 3837 1157 3932 ipso
1170 3839 1353 3932 propositae

227 3954 425 4046 improbatae
450 3953 576 4024 suerint
594 3977 612 4022 a
631 3954 861 4042 Sanctissimo,
885 3977 985 4052 nege.
1012 3950 1136 4047 Igitur,
1161 3966 1200 4020 ut
1226 3952 1260 4020 in
1281 3967 1353 4022 tra·

226 4079 318 4135 rtatu
346 4063 389 4133 de
423 4067 614 4164 Principiis
634 4064 732 4163 Jicris
761 4068 924 4156 ,careonici
950 4065 1024 4135 fuse
1054 4067 1285 4160 probavimus,
1323 4068 1354 4136 si

226 4180 364 4276 quaudo
382 4178 432 4250 lex
452 4180 563 4278 aliqua
577 4182 748 4278 pontificia
766 4205 837 4252 nou
850 4181 980 4277 obligat
995 4194 1074 4252 ante
1085 4182 1353 4276 acceptationem

227 4300 263 4368 in
283 4300 477 4394 provinciis,
492 4301 652 4376 idevenit
670 4325 737 4368 non
754 4325 795 4369 ex
809 4298 942 4368 delectu
958 4297 1134 4395 potestatis
1147 4299 1182 4367 in
1195 4300 1354 4368 Romano

227 4414 405 4505 Pontifice,
428 4415 485 4486 sed
506 4439 548 4486 cx
566 4413 703 4488 delectu
718 4415 916 4488 voluntatis.
938 4399 1107 4514 Legitima
1126 4429 1241 4486 autem
1266 4439 1355 4511 prae·
