2964 5070
508 355 555 400 aa
580 353 667 402 rnna
687 353 895 402 aaruucrco.
1191 336 1262 437 307

138 491 228 582 Ergo
245 483 324 554 libri
347 481 485 552 rituales
505 483 565 576 qui
590 479 642 552 vel
661 481 774 550 rituali
796 485 952 552 Romano
971 482 1100 580 aliquid
1118 485 1262 574 addunt,

138 601 187 670 vel
208 599 464 670 benedictiones
480 597 629 670 diversas
649 612 681 666 et
694 621 716 664 a
735 619 830 668 sacra
847 601 1123 696 Congregationc
1136 602 1266 672 rituum

139 743 206 786 non
230 716 433 810 approbatas
451 714 649 801 continent,
671 713 874 784 nrcmrnate
892 712 1083 808 apostolica
1100 717 1265 810 prohibiti

137 813 295 901 consendi
316 844 408 900 stant.

188 945 229 1015 5⁰
250 943 500 1038 Obligatorium
525 967 597 1012 esse
617 940 739 1011 ritualc
762 945 973 1032 Romanum,
997 945 1059 1012 etsi
1081 943 1265 1042 aliqnando

138 1060 345 1130 controverti
359 1058 545 1152 potuisset,
559 1057 630 1150 jam
645 1071 757 1134 tamen
770 1072 903 1126 certum
921 1057 1050 1128 faciunt
1064 1057 1178 1154 plures
1189 1087 1267 1137 anc-

137 1177 274 1244 toritate
300 1171 496 1268 Apostolica
525 1187 689 1242 emanata
716 1170 975 1242 declarationes.
999 1211 1050 1228 -
1075 1173 1268 1245 Contendet

137 1290 250 1358 forsan
271 1288 347 1382 quis
364 1287 544 1380 praemissis
565 1286 751 1356 rationibus
770 1301 804 1356 ct
825 1286 1085 1357 auctoritatibus
1108 1313 1178 1358 rom
1191 1313 1266 1358 om·

139 1404 221 1472 nino
241 1427 309 1472 non
327 1402 457 1489 evinci,
480 1401 535 1470 secl
559 1423 736 1470 runurrere
762 1401 873 1470 adbuc
895 1400 1103 1470 dubitationi
1126 1418 1160 1472 ct
1182 1427 1267 1474 con-

138 1520 312 1588 troversiae
335 1517 527 1586 obnoxiam.
546 1516 657 1584 Etiam
678 1515 743 1584 lroc
762 1516 945 1612 permisso,
968 1515 1070 1586 thesis
1093 1517 1268 1587 nibilomi-

140 1659 204 1702 nus
223 1649 263 1702 ut
286 1647 376 1702 certa
402 1634 437 1700 iu
458 1632 555 1728 praxi
580 1631 737 1700 habenda
762 1646 835 1720 est,
855 1631 900 1700 ob
921 1645 1097 1727 sequentes
1120 1658 1194 1726 quae
1212 1657 1269 1704 su·

139 1763 366 1842 pervenerunt
381 1745 625 1816 declarationes
640 1771 649 1813 :
669 1745 769 1840 Apud
778 1743 988 1831 ermellini,
1005 1771 1147 1816 numero
1161 1745 1270 1836 4532,

139 1862 181 1933 ad
195 1862 340 1930 dubium
360 1887 369 1929 z
393 1890 410 1926 a
429 1865 552 1931 Utrum
568 1857 653 1929 liber
669 1860 724 1928 cui
742 1858 860 1928 titulus
885 1859 1049 1930 Collectio
1069 1862 1143 1932 sive
1156 1887 1271 1958 uppa-

142 2005 159 2040 «ι
176 1991 278 2046 ratus
289 1973 560 2064 absolutionum,
573 1971 866 2062 benedictionum,
879 1973 1176 2070 conjurationum,
1191 1993 1270 2068 eta,

145 2119 164 2155 a
185 2106 323 2160 auctore
351 2090 523 2160 Beruardo
546 2090 695 2184 Sauuig‚
718 2091 760 2158 sit
785 2087 976 2182 prohibitus
995 2087 1111 2182 vigore
1125 2089 1270 2178 decreti,

143 2234 162 2270 n
180 2231 237 2274 seu
260 2204 384 2299 regular
402 2203 566 2300 generalis
585 2203 734 2274 Iudicis?
758 2202 873 2298 Aliqui
893 2203 983 2272 enim
996 2202 1186 2295 affirmant,
1214 2203 1270 2276 alii

142 2351 159 2387 a
179 2338 321 2418 negant3
351 2323 454 2392 immo
484 2347 600 2392 omnes
623 2322 692 2391 tere
716 2321 907 2393 sacerdotes
926 2321 982 2390 hic
1004 2335 1039 2390 ct
1065 2320 1144 2391 alibi
1175 2321 1272 2392 illum

142 2467 159 2500 a
174 2437 353 2526 adhibent,
371 2440 525 2533 quamvis
542 2438 637 2507 cinni
662 2463 804 2532 pror-sus
821 2437 1068 2532 approbatione
1085 2452 1209 2507 careat.
1227 2441 1272 2508 Et

138 2582 158 2618 a
177 2552 259 2646 quid
275 2551 317 2620 de
330 2551 404 2623 aliis
419 2551 514 2622 libris
536 2552 824 2638 benedictionum,
838 2551 1042 2622 habentibus
1056 2551 1194 2647 quidem
1206 2551 1274 2622 ali-

143 2696 161 2732 a
180 2691 279 2762 quam
307 2668 607 2763 approbationem,
633 2682 684 2735 aaa
711 2691 779 2736 uon
795 2664 887 2735 illam
911 2667 1008 2736 istius
1030 2689 1205 2738 semorum
1229 2670 1275 2738 ri-

138 2809 161 2846 «
176 2797 277 2852 tuum
296 2782 600 2878 Cougrcgationis?
613 2823 662 2838 «-
685 2785 786 2852 Sacra
798 2783 1029 2878 Congragatio
1048 2784 1205 2854 censuit:
1225 2825 1274 2839 ·-

139 2925 160 2962 a
180 2896 242 2966 Illi
247 2895 407 2967 rolilibri
415 2894 621 2983 adhibendi,
634 2911 669 2966 et
681 2895 719 2964 in
730 2895 804 2966 illis
817 2909 957 2966 tuntum
966 2893 1273 2984 beraeu'cuom'bus,

141 3041 160 3077 a
178 3037 258 3108 quaa
270 3011 398 3080 rituali
408 3015 570 3082 Romano
581 3025 665 3079 sunt
678 3008 889 3104 conformes.
905 3038 922 3073 a
941 3011 1032 3102 Ergo
1046 3009 1200 3078 adhiberi
1215 3036 1274 3082 ne·

142 3141 275 3221 queunt
299 3125 433 3196 ritmlia
451 3131 607 3196 Romano
625 3149 694 3193 nou
720 3123 927 3211 conformia,
948 3148 1012 3192 nec
1032 3121 1105 3192 alias
1130 3125 1275 3195 horredi-

143 3242 274 3311 cticnes
292 3241 536 3334 quamquain
555 3237 669 3307 rituali
686 3243 841 3308 Romano
854 3237 979 3332 jacent.
1000 3243 1091 3334 Bega
1106 3239 1274 3334 obligato·

144 3357 236 3426 rium
253 3371 302 3426 eat
320 3353 441 3424 rituale
457 3360 663 3426 Romanum.

196 3473 262 3541 Die
286 3495 307 3566 7
334 3469 531 3564 septembris
562 3467 675 3555 1850,
695 3495 716 3538 a
741 3492 834 3537 sacra
853 3468 983 3536 rituum
1003 3467 1276 3563 Congregatione

42 3650 45 3656 ,
144 3587 191 3658 ad
204 3591 404 3656 Treceusem
425 3583 477 3679 (in
496 3583 631 3680 Galliis)
649 3587 854 3679 Episcopum
880 3582 1014 3653 directae
1032 3597 1114 3654 stant
1135 3583 1277 3674 litteras,

46 3729 57 3742 ⁴
147 3703 326 3796 inquibus
349 3701 544 3772 decernitur
561 3699 830 3770 berredictioncm
855 3699 1054 3770 sanctissimi
1076 3705 1276 3774 sacramenti

145 3819 295 3888 dandam
308 3841 381 3886 esse
397 3815 527 3911 absque
541 3816 784 3886 versiculorum
799 3830 921 3903 rantu3
937 3830 972 3884 et
985 3813 1158 3884 decadem
1174 3819 1276 3889 benc·

147 3933 300 4002 dictione
326 3934 373 4001 sic
396 3931 639 4026 subjungitur:
660 3933 695 4000 in
721 3957 765 4000 aa
790 3930 919 4002 rituale
937 3935 1157 4024 Romanum,
1174 3957 1279 4030 ccqtm

148 4049 245 4146 leges
263 4044 498 4118 universalem
523 4045 689 4142 afficiam!
712 4045 935 4130 Ecclesiam,
962 4045 1098 4146 integro
1112 4065 1276 4121 sanctur.

149 4168 254 4257 Ergo,
265 4161 462 4232 declarante
474 4161 547 4256 ipsa
562 4161 694 4230 rituum
710 4185 804 4233 sacra
815 4161 1107 4257 Congoegatione,
1117 4189 1184 4259 per
1198 4189 1277 4250 asp·

150 4279 234 4350 dnm
250 4277 334 4372 legis
360 4276 558 4348 universalis
585 4274 825 4372 obligatorium
846 4291 898 4348 cst
921 4275 1044 4350 rituale
1068 4283 1275 4351 Romanum.

149 4393 323 4466 Pinnae
346 4407 462 4464 autem
490 4391 629 4484 buerae,
653 4392 699 4462 de
726 4417 873 4488 quacun
901 4393 1163 4466 andrenticitate
1192 4395 1278 4466 mihi

1045 4532 1104 4580 20.
