3018 5070
230 353 280 419 20
688 353 892 404 reserares

227 489 298 586 ipsi
313 487 487 556 unitarum
499 480 754 578 liturgiis3ergo
772 506 812 550 ex
836 505 878 552 eo
902 477 975 550 solo
993 478 1084 575 quod
1105 478 1226 576 dogma
1248 481 1358 576 quod·

229 625 379 698 cumque
398 602 433 670 in
452 596 645 694 hujusmodi
661 597 808 694 liturgiis
833 596 923 668 clare
943 619 1133 690 expressum
1155 598 1355 690 reperiatur,

230 723 384 819 rigorose
413 719 664 788 demonstratur
693 739 821 786 verum.
851 697 957 783 idem¹
977 713 1188 783 ratiocinium
1220 715 1267 784 sic
1293 713 1357 788 alia

230 838 338 912 forma
346 834 469 932 exponi
481 845 590 928 potest
602 845 704 902 :errat
711 829 858 900 Ecclesia
871 827 1052 919 catholica,
1063 830 1090 900 si
1104 845 1193 930 erret
1206 829 1355 901 Ecclesia

230 943 384 1025 Romana
398 948 497 1022 simul
517 973 594 1019 oum
607 945 728 1042 majori
740 961 837 1043 perte
851 962 1047 1018 caeterarum
1058 944 1277 1016 ecclesiarum
1293 948 1356 1020 sibi

229 1064 404 1138 unitarum
426 1093 434 1136 ε
453 1079 544 1135 errat
562 1062 873 1135 EcclesiaRomaua
893 1087 971 1134 cnm
989 1060 1107 1156 majori
1131 1077 1228 1160 parte
1245 1061 1356 1134 eccle-

229 1187 356 1256 siarum
377 1182 439 1252 sibi
463 1181 650 1264 unitarum,
663 1180 689 1248 si
705 1203 782 1272 curn
797 1179 867 1248 istis
887 1176 1033 1247 ecclesiis
1051 1203 1226 1248 erroneam
1245 1194 1356 1250 teneat

230 1299 308 1372 fidei
331 1297 544 1370 doctrinam:
569 1275 736 1390 praedicte
768 1291 913 1362 ecclesiae
933 1317 1109 1362 erroneam
1132 1305 1255 1364 tenent
1277 1295 1353 1366 fidei

228 1409 432 1502 doctrinam,
453 1411 481 1482 si
501 1409 621 1482 falsum
647 1406 784 1503 aliquod
807 1408 928 1504 dogma
947 1405 1036 1478 clare
1060 1407 1095 1478 in
1116 1407 1185 1478 suis
1208 1407 1353 1506 liturgiis

226 1531 415 1626 exprimant
443 1526 494 1624 (in
510 1524 711 1623 praecedenti
737 1525 828 1594 enim
846 1523 1079 1620 propositione
1096 1523 1279 1620 probatum
1304 1541 1355 1596 est

225 1631 420 1742 aqualibet
443 1640 582 1712 ecclesia
607 1641 713 1710 teneri
742 1665 816 1710 eam
840 1638 917 1708 lidei
947 1637 1137 1724 doctrinam
1157 1665 1258 1736 quam
1279 1645 1352 1737 ejus

225 1758 322 1834 solita
337 1751 485 1856 liturgia
513 1756 603 1829 clare
624 1757 796 1854 exprimit)
820 1782 829 1826 τ
849 1781 943 1853 ergo,
964 1781 1041 1826 cum
1066 1782 1180 1827 errare
1208 1774 1351 1855 nequeat

225 1878 374 1966 Ecclesia
387 1873 566 1964 catholica,
588 1897 657 1941 non
676 1885 787 1967 potest
802 1870 909 1944 ullum
927 1897 1106 1942 erroneum
1119 1871 1241 1968 dogma
1254 1899 1353 1970 repe·

225 1994 285 2064 riri
299 1991 387 2062 clare
400 2013 593 2086 expressum
604 1989 639 2058 in
653 1987 789 2082 liturgia
803 1985 959 2058 Ecclesiae
976 1991 1138 2083 Romanae
1148 2004 1182 2059 et
1201 1989 1300 2060 simul
1315 1991 1350 2060 in

226 2107 371 2202 liturgiis
392 2104 574 2176 multarum
593 2101 656 2198 ipsi
681 2102 855 2174 unitarum
878 2100 1094 2172 ecclesiarum
1114 2129 1122 2172 :
1146 2129 1229 2200 ergo
1252 2132 1292 2176 ex
1311 2132 1350 2176 eo

223 2222 315 2318 quod
334 2213 472 2314 aliquod
490 2217 612 2313 dogma
632 2217 822 2310 reperiatur
845 2215 880 2284 in
903 2215 1002 2286 dictis
1017 2215 1164 2313 liturgiis
1184 2219 1273 2290 clare
1292 2247 1349 2292 ex·

222 2359 389 2432 pressum,
405 2347 497 2402 recte
511 2345 544 2402 et
563 2330 718 2426 rigorose
736 2329 953 2414 concluditur
969 2332 1073 2427 ipsius
1084 2334 1219 2414 veritas.

269 2451 360 2519 Hinc
381 2445 540 2542 colligere
565 2443 644 2514 licet
668 2460 793 2542 quanta
820 2446 862 2514 sit
883 2444 1026 2540 liturgiae
1045 2447 1096 2516 vis
1116 2461 1149 2518 et
1165 2449 1349 2521 auctoritas

220 2563 261 2635 in'
275 2589 313 2634 re
327 2563 518 2657 dogmatica
543 2585 551 2632 r
570 2561 708 2656 quando
727 2585 849 2656 nempe
868 2559 979 2658 aliqua
1006 2563 1162 2660 liturgica
1180 2563 1348 2660 dogmatis

221 2679 390 2775 expressio
403 2679 462 2748 se'u
480 2677 707 2748 manifestatio
719 2675 917 2750 universalis
934 2691 995 2768 est,
1015 2693 1134 2775 utpote
1150 2679 1186 2750 in
1200 2679 1348 2753 Ecclesia

219 2800 372 2867 Romana
390 2808 423 2864 et
445 2793 566 2887 majori
599 2806 796 2865 caeterarum
818 2779 1030 2864 eeclesiarum
1057 2810 1153 2890 purte
1176 2813 1349 2893 usurpata,

219 2911 314 2981 tanta
330 2923 381 2978 est
394 2907 469 3002 ejus
484 2908 680 2994 auctoritas,
688 2921 817 3002 quanta
828 2907 1004 3004 ipsiusmet
1021 2907 1172 2982 docentis
1190 2927 1223 2982 et
1241 2911 1348 3008 profi-

219 3026 323 3096 tentis
336 3021 492 3094 Ecclesiae
510 3020 697 3093 catholicas.

224 3180 228 3187 -
269 3138 459 3234 Propositio
478 3136 525 3209 3³.
549 3178 592 3190 -
609 3142 654 3208 Ut
674 3135 803 3235 dogma
836 3137 1079 3237 quodcumque
1103 3141 1259 3240 regerere
1289 3143 1347 3216 de·

218 3250 409 3326 nrons'tr'arr‘
413 3253 529 3350 possit
542 3275 666 3324 verum
678 3301 688 3338 ,
700 3249 836 3360 sufficit
848 3249 938 3322 illud
954 3252 1048 3323 clare
1062 3257 1100 3324 in
1112 3255 1255 3357 liturgia
1272 3263 1346 3332 Ec-

219 3370 335 3444 clerte
342 3366 819 3464 Bomunaee.rprr'mi.-Nam
836 3367 1084 3464 cxpraecedrnti
1098 3374 1343 3468 propositione,

216 3485 338 3560 salsum
361 3483 439 3562 csse,
454 3485 571 3580 nequit
595 3483 718 3578 dogma
735 3483 829 3579 quod
855 3483 944 3555 clare
966 3486 1000 3556 in
1026 3484 1172 3584 liturgiis
1190 3491 1259 3560 suis
1281 3517 1345 3562 ex-

217 3626 367 3709 pressum
391 3610 517 3678 habent
545 3607 711 3703 pleraeque
744 3633 822 3677 cum
854 3611 1007 3706 ltomaua
1042 3609 1201 3684 ccclesiae.
1237 3618 1343 3710 Atqui

218 3729 342 3822 dogma
370 3724 615 3819 quodcumque
629 3724 662 3792 in
689 3721 823 3818 liturgia
848 3728 1003 3796 Romana
1022 3727 1111 3798 clare
1133 3753 1343 3824 expressum,

221 3843 287 3912 lroc
316 3842 388 3936 ipso
413 3839 581 3933 reperitur
604 3838 721 3908 rodem
748 3841 849 3910 modo
879 3841 913 3910 in
938 3841 1263 3938 quamplurimarum
1290 3872 1344 3917 ec-

215 3956 392 4028 clesiarum
418 3952 575 4048 liturgiis.
604 3956 687 4023 Nam
717 3979 789 4052 900
811 3957 946 4027 circiter
980 3957 1178 4029 dioecesibus
1210 3977 1343 4034 constat

214 4059 442 4157 catlrolicitas3
460 4083 493 4137 ct
515 4093 554 4137 ex
581 4093 624 4138 eo
652 4069 869 4144 ecclesiarum
892 4071 1150 4168 particularium
1173 4101 1339 4166 numero,

213 4180 402 4282 plusquam
417 4183 488 4282 760
503 4182 651 4255 ecclesiae
666 4190 826 4256 Romanae
841 4186 1011 4284 liturgiam
1023 4189 1064 4259 dc
1078 4189 1167 4260 lacto
1180 4192 1342 4289 amplexae

214 4315 342 4372 suntet
367 4315 569 4398 sequuntur,
590 4313 628 4372 ut
642 4301 838 4372 duobusab
857 4303 937 4374 hine
955 4306 1065 4394 annis,
1085 4304 1119 4374 in
1140 4308 1264 4376 eximia
1279 4333 1338 4379 sua

212 4419 300 4488 circa
315 4444 385 4488 rem
404 4416 594 4514 liturgicarn
615 4417 858 4510 dissertatione,
876 4421 976 4492 certis
994 4420 1203 4494 documentis
1217 4423 1341 4521 proba·
