3018 5070
511 395 557 440 DE
581 397 668 444 JURE
694 396 901 446 Ltrttaotcm
1219 401 1263 452 2}

140 523 186 591 vit
200 519 369 594 Melclrior
387 519 508 593 Dulac.
538 525 630 618 Ergo
652 549 693 594 ex
721 549 761 594 eo
780 521 854 592 solo
872 521 964 618 quod
983 521 1107 619 dogma
1130 521 1268 619 aliquod

140 639 330 735 reperiatur
351 637 384 706 in
404 635 541 733 liturgia
556 643 710 710 Romana
733 637 823 710 clare
840 663 1051 738 expressum,
1069 635 1220 734 legitime
1233 655 1269 712 et

139 755 289 849 rigorose
301 749 460 822 concludi
475 769 586 849 potest
605 756 677 850 ejus
696 756 831 826 veritas.

186 867 315 938 Eadem
333 883 490 963 praterea
509 869 682 941 conclusio
702 867 899 953 deducenda
912 871 1032 960 venit,
1053 870 1184 942 etiamsi
1198 869 1270 942 sola

140 983 373 1054 consideretur
393 981 543 1055 Ecclesia
562 976 716 1056 Romana
745 1011 784 1056 ac
807 984 958 1080 specialis
985 986 1058 1078 ejus
1077 986 1269 1056 inerrantiae

141 1098 376 1192 praerogativa.
390 1097 501 1168 'Sedes
515 1101 606 1168 enim
630 1099 824 1195 Apostolica
845 1123 907 1170 seu
930 1096 1076 1168 Ecclesia
1097 1103 1269 1188 Romana,

141 1211 358 1284 ecelesiarum
381 1213 534 1282 omnium
562 1229 728 1284 meteret
756 1215 937 1308 magistra,
963 1213 998 1282 in
1027 1213 1186 1292 docenda¹
1207 1213 1269 1282 du·

141 1329 250 1398 ctrina
263 1327 342 1396 fidei
358 1327 542 1398 infallibilis
554 1329 815 1419 demonstratur,
835 1345 869 1400 et
884 1343 923 1398 ut
938 1327 1011 1398 talis
1026 1327 1170 1413 babetur
1185 1351 1270 1398 una·

142 1443 224 1512 nimi
243 1441 424 1512 doctorum
448 1458 483 1514 et
511 1445 703 1516 scholarum
731 1451 918 1533 consensu,
945 1459 1085 1540 excepta
1113 1443 1270 1540 gallicani

142 1561 330 1655 systematis
344 1560 435 1630 baud
456 1563 597 1656 antiqua
614 1577 649 1632 ct
666 1560 765 1632 valde
784 1562 937 1632 restricta
950 1559 1173 1632 dissensione.
1197 1565 1270 1633 lmo

142 1673 296 1772 gallicani
314 1674 470 1746 doctores
485 1703 564 1748 cum
576 1678 765 1765 Bossuetio,
780 1675 962 1748 Ecclesiam
978 1680 1167 1748 Romanam
1180 1677 1270 1748 circa

142 1789 222 1862 lidei
253 1791 413 1886 dogmata
439 1793 651 1864 infallibilem
682 1795 748 1864 boc
769 1819 871 1862 sensu
900 1791 1019 1864 saltem
1055 1791 1270 1887 profitentur,

143 1906 235 2001 quod
255 1907 391 1975 nonnisi
409 1933 470 2003 per
481 1923 699 1978 transennam
719 1923 753 1977 et
775 1933 843 1978 non
866 1907 1032 1978 duraturo
1042 1905 1140 2005 lapsu
1159 1931 1272 1986 errare

144 2021 248 2116 possit
268 2021 372 2090 Sedes
393 2020 600 2118 Apostolica.
628 2004 737 2093 Porro
753 2024 819 2092 boc
837 2023 963 2093 sufficit
991 2037 1029 2092 ut
1053 2047 1170 2092 verum
1188 2046 1271 2098 cone

143 2136 235 2208 cludi
251 2136 373 2206 debeat
389 2136 513 2230 dogma
534 2139 778 2234 quodcumque
795 2141 832 2208 iu
854 2137 992 2232 liturgia
1012 2141 1166 2206 Romana
1181 2135 1273 2206 clare

25 2343 27 2348 Ι
144 2275 347 2348 expressum.
364 2257 474 2343 Nam,
490 2279 529 2322 cx
546 2255 656 2348 prima
683 2253 935 2348 propositione,
953 2248 1211 2320 doctrina‘fidei
1236 2251 1272 2320 iu

144 2366 287 2462 alicujus
308 2367 455 2436 ecclesiae
475 2369 611 2464 liturgia
633 2368 723 2440 clare
747 2391 924 2462 expressa,
943 2379 994 2436 est
1019 2364 1110 2434 illius
1123 2362 1272 2434 ecclesiae

144 2483 299 2553 doctrina
318 2497 352 2552 et
370 2482 462 2552 fides.
478 2487 569 2578 Ergo
587 2484 710 2578 dogma
724 2485 758 2552 in
782 2481 919 2577 liturgia
938 2487 1090 2553 Romana
1104 2479 1194 2562 clare
1213 2505 1272 2548 ex·

144 2623 312 2692 pressum,
333 2596 525 2668 babendum
542 2613 593 2668 est
614 2599 740 2694 'pariter
758 2612 917 2691 tanquam
935 2595 1091 2668 Ecclesiae
1109 2600 1272 2667 Romanae

147 2711 227 2782 fides
242 2727 276 2780 et
291 2712 459 2782 doctrina.
480 2717 547 2782 lsta
563 2728 676 2783 autem
693 2713 772 2782 fidei
789 2711 956 2807 expressio
974 2725 1006 2780 ct
1021 2710 1185 2806 professio
1198 2735 1273 2803 quae

144 2827 181 2897 lit
203 2854 263 2923 per
277 2829 469 2924 liturgiam,
489 2840 625 2899 nonest
652 2828 781 2924 aliquid
800 2828 1055 2913 transitorium
1074 2825 1130 2896 sed
1150 2851 1168 2894 e
1185 2848 1272 2895 con-

147 2959 196 3014 tra
209 2942 339 3038 aliquid
354 2969 555 3038 permaneus
565 2961 599 3014 et
610 2943 739 3016 stabile.
751 2947 842 3038 Ergo
855 2967 930 3012 cum
947 2940 1096 3010 Ecclesia
1107 2945 1273 3026 Romana,

146 3059 408 3128 concedentibus
435 3059 626 3154 gallicanis,
656 3085 769 3128 errare
794 3058 883 3128 circa
903 3055 1004 3128 lidem
1035 3069 1180 3150 nequeat
1209 3055 1272 3125 nisi

144 3199 204 3268 per
223 3189 439 3244 transennam
459 3190 494 3245 ct
517 3199 597 3246 mox
614 3175 804 3271 reparando
822 3171 938 3270 lapsu,
958 3159 1114 3267 sequitur
1128 3197 1202 3242 eam
1219 3197 1274 3242 er·

145 3314 219 3358 rare
238 3315 307 3358 non
326 3316 422 3385 posse
441 3289 475 3360 iu
493 3291 709 3386 dogmatibus
724 3292 759 3360 in
774 3316 834 3360 sua
848 3289 983 3384 liturgia
996 3286 1085 3358 clare
1097 3288 1273 3382 expressis.

148 3406 236 3500 Ergo
250 3403 445 3499 hujusmodi
465 3406 684 3502 dogmatum,
703 3411 822 3500 utpote
841 3403 997 3474 stabilem
1024 3416 1060 3472 et
1075 3405 1274 3497 permanen·

146 3534 212 3589 tem
236 3518 392 3590 Ecclesiae
414 3523 578 3592 Romanae
591 3505 782 3592 doctrinam
798 3535 831 3590 et
857 3519 956 3588 fidem
977 3517 1190 3606 testantium,
1216 3538 1273 3588 ve-

148 3635 237 3722 ritae,
257 3635 406 3730 legitime
425 3653 457 3706 et
475 3638 626 3732 rigorose
644 3636 801 3709 concludi
819 3637 928 3732 potest
947 3661 991 3706 ex
1013 3661 1054 3705 eo
1076 3633 1162 3722 solo,
1178 3633 1273 3730 quod

147 3749 233 3820 clarc
250 3766 284 3820 et
298 3767 538 3847 permanenter
553 3755 587 3822 in
603 3752 739 3850 liturgia
759 3759 913 3824 Romana
934 3750 1193 3848 exprimantur(
1218 3752 1244 3845 ).

191 3871 275 3936 Tres
301 3869 526 3963 praecedentes
554 3871 803 3968 propositiones
833 3871 979 3966 propriis
1002 3866 1189 3940 ratiociniis
1205 3882 1274 3938 sta·

181 4115 215 4189 (l)
237 4115 307 4170 Dum
327 4116 368 4171 bic
380 4127 545 4190 argumentor
566 4119 593 4174 iu
607 4117 739 4194 hypothesi
754 4116 871 4190 gallicani
886 4115 1027 4192 systematis
1042 4115 1074 4172 de
1085 4115 1206 4182 Ecclede
1218 4113 1272 4169 aa·

145 4219 224 4258 manu
235 4223 280 4278 per
294 4205 370 4260 breve
388 4215 489 4281 tempus
507 4208 672 4278 lallibilitute,
688 4208 767 4262 uelim
782 4205 910 4262 existimet
927 4208 984 4280 quis
1002 4204 1066 4260 illud
1080 4212 1188 4278 systema
1201 4222 1217 4258 a
1230 4220 1273 4258 me

146 4298 265 4366 tarrquam
277 4314 365 4349 rerum
381 4303 424 4352 aut
435 4297 567 4370 probabile
583 4297 693 4354 admitti.
706 4297 808 4354 Certum
827 4315 882 4352 esse
894 4293 1119 4370 ipsius‘lalsitatcm
1133 4292 1195 4346 alins
1208 4309 1272 4365 pro-

144 4380 219 4437 babo.
237 4384 371 4440 Praesentis
391 4395 477 4441 autem
490 4386 568 4443 tlresis
580 4388 722 4458 veritatem,
736 4388 812 4444 etiam
824 4387 948 4472 permisso
963 4383 1011 4440 lroc
1026 4391 1169 4459 systemate,
1184 4377 1273 4436 viudi-

147 4471 197 4526 cari
212 4493 294 4548 posse,
309 4475 443 4534 ostendere
458 4475 537 4534 volui.
915 4478 917 4483 ¹
