3004 5070
504 401 550 446 DE
575 401 661 448 June
687 401 894 450 ttuunctco.
1190 407 1260 480 297

136 557 153 592 a
174 525 466 599 immemorabiles
485 543 521 598 et
535 527 735 600 laudabiles
752 529 1021 602 eonsuetudines
1038 557 1110 604 non
1130 533 1261 621 tollere,

136 672 152 706 ιι
172 639 372 727 declaravit,
388 642 442 712 die
462 667 499 712 11
516 642 606 736 junii
624 641 726 715 1605.
736 673 752 709 n
766 644 881 741 (Apud
898 646 1101 739 Gardellini,
1113 647 1153 718 n⁰
1173 646 1264 744 120.)

187 785 203 820 ι
224 760 289 826 Pro
310 772 406 850 parte
431 756 570 851 capituli
594 757 741 830 ecclesiae
759 759 992 830 Elboracensis
1013 763 1155 857 petitum
1174 763 1264 835 fnit:

133 899 150 932 ιι
170 895 211 940 an
228 869 399 940 decretum
413 887 606 941 emanatum
619 871 660 941 ad
672 874 865 944 instantiam
880 877 1034 944 omnium
1046 876 1262 948 ecclesiarum

133 991 150 1048 ιι
169 985 203 1054 in
216 987 386 1080 Hispaniae
398 988 519 1081 regnis,
531 988 623 1082 qnod
634 987 759 1058 scilicet
774 989 1118 1061 liberCaeremonialis
1128 993 1263 1086 Episco-

132 1131 149 1163 «
170 1125 289 1194 porum
311 1127 381 1170 non
403 1101 502 1172 tollat
521 1102 705 1174 laudabiles
726 1119 759 1174 et
776 1105 1058 1176 immemorabiles
1077 1123 1262 1178 consuetu·

132 1245 150 1280 ιι
169 1213 287 1302 dines,
309 1217 431 1286 babeat
454 1215 565 1287 locum
593 1220 694 1288 etiam
719 1221 753 1289 in
773 1246 878 1315 regno
903 1219 1140 1316 Portugalliael
1158 1263 1207 1276 -
1224 1227 1261 1294 S·

131 1360 148 1394 ιι
171 1331 297 1400 rituum
312 1333 553 1430 Congregatio,
565 1331 698 1404 dictum
712 1331 889 1405 decretam
903 1334 1019 1407 lactent
1031 1334 1176 1426 babere,
1190 1362 1261 1408 uon

132 1479 149 1510 ιι
166 1447 279 1518 saltim
297 1451 335 1518 in
353 1449 472 1548 regnis
493 1451 675 1546 Hispania
693 1468 729 1522 et
747 1452 994 1552 Portugalliae,
1010 1451 1077 1524 scd
1093 1456 1201 1524 etitem
1223 1457 1262 1524 iu

131 1593 148 1626 a
170 1559 444 1662 quibuscumque
463 1565 548 1635 aliis
573 1569 692 1666 rugatis
718 1583 753 1638 et
779 1567 867 1638 locis
878 1594 949 1666 per
966 1585 1076 1640 totum
1096 1569 1261 1640 almutiu-

130 1708 147 1740 ιι
168 1701 254 1747 num
270 1677 401 1766 orbem,
428 1678 611 1750 declaravit
631 1681 685 1750 die
712 1706 751 1779 17
772 1683 861 1776 junii
885 1682 986 1759 1606.
1001 1713 1017 1750 n
1031 1684 1149 1780 (Apud
1169 1689 1262 1755 Gar·

131 1791 259 1882 dellini,
275 1793 316 1861 n⁰
334 1793 434 1890 171.)

178 1907 319 1998 Ibidem,
339 1910 373 1980 in
396 1907 622 1981 declaratione
641 1911 704 1980 sub
726 1937 868 1982 numero
888 1909 960 1982 235
980 1913 1101 2006 posita,
1120 1912 1260 2008 legitur:

134 2027 222 2092 Cum
246 2023 335 2093 liber
352 2025 612 2096 Caeremont‘alis
632 2023 841 2123 hujusmodi
860 2025 1158 2096 immernornbt‘les
1176 2053 1260 2098 eon·

134 2135 337 2207 attetttdines
360 2163 431 2208 non
457 2141 571 2220 tollat.
592 2141 664 2210 Sub
690 2165 833 2210 numero
854 2138 923 2210 332
945 2140 1096 2236 ejusdem
1119 2139 1260 2211 Gardel-

133 2251 229 2322 lianae
250 2252 480 2346 collectionis,
503 2255 637 2326 videtur
666 2258 790 2326 iterum
819 2272 1018 2352 praeservata
1044 2257 1259 2328 consuetudo

125 2349 409 2440 immemorabilis
439 2386 559 2441 contra
585 2371 838 2442 Caeremoniale.

127 2463 150 2544 ’Δ
182 2484 235 2556 3⁰.
256 2489 483 2557 Communem
507 2513 587 2558 vero
610 2487 789 2557 doctorum
810 2489 1027 2577 sententiam,
1048 2489 1089 2560 de
1113 2515 1183 2560 non
1204 2514 1260 2562 su·

132 2597 231 2670 blatis
258 2627 317 2696 per
340 2602 613 2674 Caeremonialem
647 2604 948 2674 consuetudinibus
980 2605 1259 2676 immemorabili·

131 2715 212 2798 bus,
244 2730 387 2788 testatur
411 2716 594 2789 Catalanns
620 2715 675 2786 his
701 2719 825 2789 verbis.
851 2745 859 2788 ε
883 2747 899 2783 ιι
924 2718 1127 2791 Laudabiles
1156 2735 1260 2814 utque

131 2858 149 2892 ιι
167 2832 326 2922 probatas
348 2831 563 2902 ecclesiarum
589 2833 863 2921 consuetudines,
890 2835 1047 2929 antiquas
1069 2834 1196 2905 scilieet
1227 2851 1261 2904 et

131 2973 147 3006 ιι
167 2944 459 3035 immemorabiles,
471 2973 489 3016 a
501 2962 617 3016 nostro
626 2947 859 3019 caeremoniali
872 2973 939 3017 non
953 2948 1040 3040 tolli,
1051 2974 1092 3025 ex
1106 2950 1261 3044 complu·

130 3089 147 3124 ιι
170 3061 262 3131 ribus
288 3079 479 3133 memoratae
506 3088 607 3134 sacrae
637 3064 764 3132 rituum
790 3063 1073 3160 Congregationis
1095 3065 1260 3157 decretis,

130 3203 147 3270 ις
168 3174 324 3245 doctores
346 3203 463 3246 omnes
487 3201 556 3246 uno
572 3203 632 3246 ore
652 3177 837 3264 affirmant,
855 3178 1033 3274 innuitque
1052 3203 1121 3248 non
1138 3204 1208 3248 tino
1223 3180 1259 3248 in

59 3292 62 3297 ’
131 3318 148 3352 «
170 3289 245 3360 loco
276 3317 402 3362 novum
432 3293 496 3362 hoc
525 3306 677 3362 nostrum
708 3292 961 3383 Caeremoniale,
992 3294 1050 3384 ubi
1072 3295 1143 3388 jam
1167 3295 1259 3364 varia

129 3433 146 3468 «
170 3406 447 3478 caeremoniarum
458 3411 568 3504 capita
580 3408 818 3478 consuetudini
831 3407 1047 3478 ecclesiarum
1059 3407 1259 3502 relinquun-

123 3550 145 3604 1ιι
167 3536 239 3608 tur;
257 3537 292 3592 et
312 3521 390 3592 licet
407 3525 566 3592 Summus
590 3524 747 3620 Pontifex
772 3525 807 3594 in
833 3548 918 3594 nova
939 3547 998 3594 sua
1015 3523 1260 3593 constitutione

128 3664 146 3736 ιι
164 3660 226 3730 pro
251 3639 487 3708 observatione
512 3637 762 3710 Caeremonialis
788 3639 1034 3735 Episcoporum
1067 3638 1111 3707 ab
1138 3637 1258 3707 eodem

128 3778 146 3814 a
167 3751 346 3837 emendati,
366 3753 455 3822 inter
470 3751 534 3824 alia
554 3753 817 3822 consuetudines
835 3751 1070 3823 Caeremoniali
1094 3753 1158 3848 ipsi
1179 3777 1259 3822 con·

128 3897 145 3930 ιι
166 3869 283 3936 tracias
310 3867 473 3958 damnet,
500 3867 760 3962 intelligendum
779 3883 863 3964 puto
881 3892 959 3938 eum
976 3867 1088 3937 locum
1111 3867 1152 3936 de
1172 3892 1256 3936 con-

128 4012 145 4046 ιι
167 3983 403 4054 suetudinibus
418 4009 492 4080 quae
508 3998 588 4053 sunt
604 3982 863 4070 irrationabiles,
890 4007 958 4052 non
981 4007 1062 4060 vero
1078 3983 1121 4052 de
1142 3982 1259 4056 lauda-

129 4128 145 4164 ιι
165 4097 289 4170 bilibus
311 4125 350 4170 ac
375 4100 539 4195 probatis,
564 4125 650 4196 quas
673 4100 798 4168 servari
815 4125 876 4168 nos
895 4101 1011 4170 Romae
1025 4097 1184 4187 uidimus,
1204 4098 1256 4171 vel

127 4241 146 4276 ιι
167 4212 248 4282 dum
277 4215 357 4309 ipse¹
372 4214 619 4284 zelantissimus
636 4214 794 4284 Pontifex
809 4215 949 4284 viveret.
962 4243 980 4279 a
1002 4212 1200 4309 (Catalanus
1219 4213 1254 4281 in

128 4329 325 4421 praefatione
344 4331 398 4400 sui
411 4332 645 4400 commentarii
664 4331 699 4399 in
717 4329 960 4401 Coeremoniale
976 4331 1103 4425 Epist.)
1125 4327 1256 4398 Ultima

129 4467 210 4513 vero
229 4446 321 4515 citati
347 4448 495 4516 auctoris
520 4448 624 4517 verba
641 4447 682 4516 de
704 4445 1009 4517 consuetudinibus
1029 4445 1255 4514 immemora-
