2978 5076
493 396 536 441 nn
561 395 648 443 suna
674 395 881 444 urruacrco.
1041 357 1044 363 ⁸
1182 373 1250 466 ¹69

117 551 136 584 a
154 518 248 590 leudi
263 515 316 590 vel
332 515 547 589 ministrandi
564 516 777 588 consuetudo
793 533 965 589 servetur»
978 519 1173 612 (concilium
1187 525 1253 592 Ge·

117 633 303 721 rondense,
321 631 411 728 apud
433 631 562 717 Labbe,
583 646 666 704 tom.
692 635 754 720 tv,
763 657 838 730 pag.
857 631 977 732 1568).

167 756 271 820 Auno
282 747 371 821 563:
388 777 406 813 a
421 747 553 820 Placuit
566 749 724 818 omuibus
736 751 1095 842 communiconsensu,
1112 767 1148 822 ut
1162 779 1251 824 unus

115 895 132 929 a
149 881 256 959 atque
276 864 364 934 idem
379 861 542 961 psallendi
558 863 644 934 ordo
658 867 692 932 in
711 865 889 935 matutinis
909 865 963 935 vel
986 869 1184 962 vespertinis
1198 870 1250 939 of-

116 1009 133 1044 «
150 979 237 1050 liciis
261 994 437 1068 teneatur,
455 995 490 1050 et
509 1006 579 1049 nou
598 981 736 1050 diversae
751 1005 791 1050 ac
812 982 966 1078 privatae,
988 1009 1098 1078 neque
1117 1011 1251 1054 monas·

115 1125 133 1160 a
150 1098 316 1166 teriorum
339 1096 599 1170 consuetudines
627 1121 703 1166 curn
719 1095 941 1167 ecclesiastica
962 1098 1079 1194 regula
1092 1101 1158 1170 sint
1171 1127 1251 1196 per-

115 1242 132 1278 «
152 1214 280 1281 rnixtae.
296 1215 381 1282 Item
399 1211 526 1308 placuit
544 1227 585 1284 ut
599 1238 661 1310 per
684 1212 885 1284 solemnium
901 1213 1031 1283 dierum
1049 1213 1177 1311 vigilias
1197 1215 1250 1285 vel

114 1358 131 1392 a
148 1329 284 1416 missas,
305 1352 422 1398 omnes
435 1327 570 1398 easdem
581 1341 614 1398 et
632 1353 701 1397 non
712 1329 861 1400 diversas
877 1327 1037 1400 lectiones
1050 1332 1084 1398 in
1111 1329 1251 1400 ecclesia

114 1441 280 1538 «legant.
302 1447 387 1513 Item
407 1441 535 1539 placuit
562 1458 601 1513 ut
620 1443 738 1514 eodem
764 1444 884 1514 ordine
901 1446 1008 1516 missae
1037 1445 1251 1516 celebrentur

114 1587 132 1623 a
148 1557 193 1628 ab
210 1558 493 1654 omnibus‚quem
511 1559 728 1644 Profuturus,
748 1561 920 1656 quondam
935 1562 1039 1657 liujus
1052 1561 1250 1657 metropoli·

114 1702 131 1737 «
152 1687 240 1743 tante
252 1673 397 1744 ecclesiae
405 1675 603 1771 Episcopus,
613 1676 655 1744 ab
669 1678 739 1771 ipsa
750 1675 950 1772 Apostolicae
958 1677 1251 1748 sedisauetoritute

117 1817 135 1853 a
155 1789 307 1883 suscepit
325 1789 500 1885 scriptum.
520 1794 606 1860 Item
629 1789 759 1887 placuit
773 1807 810 1862 ut
835 1792 948 1864 nullus
963 1819 1040 1864 eum
1056 1793 1249 1890 baptizandi

116 1933 134 1969 a
154 1905 309 1974 ordinem
326 1906 571 2000 praetermittat,
586 1933 687 2002 quem
705 1925 739 1980 et
752 1923 850 1978 antea
867 1910 977 1979 tenuit
990 1909 1250 2006 metropolitana

115 2044 135 2080 a
151 2019 368 2088 Bracarensis
390 2017 543 2106 ecclesia,
566 2036 596 2089 et
613 2046 676 2115 pro
697 2022 903 2117 amputanda
927 2021 1118 2118 aliquorum
1134 2023 1251 2093 dubie·

115 2159 139 2197 rc
154 2148 225 2203 tate
245 2133 427 2228 pradictus
448 2134 656 2204 Profuturus
674 2137 861 2231 Episcopus
883 2139 1047 2232 scriptum
1064 2137 1127 2205 sibi
1148 2151 1182 2205 et
1199 2136 1249 2206 di·

116 2279 134 2314 «
154 2263 285 2318 rectum
301 2273 320 2318 a
336 2249 413 2319 sede
432 2250 615 2320 beatissimi
636 2249 785 2346 apostoli
804 2252 896 2322 Petri
916 2252 1062 2346 suscepit
1079 2280 1096 2318 o
1112 2249 1249 2348 (concil.

115 2367 336 2453 Bracareuse‚
349 2389 425 2436 can.
443 2389 475 2455 t,
495 2391 530 2450 a,
546 2367 583 2454 d,
601 2361 637 2452 5,
651 2365 742 2462 apud
753 2367 880 2458 Labbe,
896 2371 1033 2455 tomV,
1052 2394 1129 2464 pag.
1148 2367 1247 2464 840).

166 2485 270 2550 Auno
289 2479 360 2554 633
385 2496 510 2576 quarta
527 2481 675 2577 synodus
692 2481 853 2552 Toletano
873 2483 916 2552 ad
941 2483 1105 2556 unitatem
1124 2485 1160 2552 in
1178 2497 1248 2552 tota

116 2596 281 2692 Hispania
296 2596 466 2693 liturgiam
482 2598 660 2687 reducens,
681 2599 780 2668 simul
802 2600 991 2670 testabatur
1000 2600 1071 2692 jam
1091 2599 1249 2697 antiquis

116 2712 315 2784 canonibus
332 2714 560 2810 praescriptam
580 2715 681 2785 luisse
702 2716 866 2786 unitatem
883 2717 917 2784 iu
938 2714 1090 2810 qualibet
1109 2718 1248 2812 provin·

117 2830 168 2899 cia
199 2827 422 2898 ecclesiastica
438 2853 446 2899 t
463 2833 573 2900 «Post
592 2845 692 2900 rectae
710 2828 792 2900 fidei
819 2831 1081 2922 consessionem,
1104 2857 1179 2926 quaa
1212 2832 1246 2900 iu

117 2976 134 3009 a
148 2959 266 3015 sancta
281 2945 346 3014 Dei
360 2943 511 3015 Ecclesia
528 2945 743 3041 praedicatur,
763 2946 891 3042 placuit
906 2962 944 3015 ut
961 2970 1078 3016 omnes
1096 2947 1250 3016 sacerdo·

117 3091 132 3126 a
150 3077 200 3130 tes
220 3061 278 3156 qui
299 3059 472 3131 catholicae
500 3060 579 3130 fidei
606 3063 737 3132 unitate
764 3061 1034 3157 complectimur,
1054 3059 1138 3130 nihil
1159 3059 1248 3130 ultra

118 3175 322 3245 «diversum
342 3191 401 3246 aut
418 3175 593 3246 dissonum
617 3176 651 3246 iu
679 3176 909 3248 ecclesiasticis
929 3176 1146 3247 sacramentis
1169 3201 1250 3271 aga·

117 3317 248 3382 «mus5
263 3317 307 3362 ne
325 3291 487 3388 qualibet
507 3307 622 3362 nostra
634 3293 825 3384 diversitas,
844 3292 933 3389 apud
948 3294 1082 3388 ignotos
1104 3316 1161 3362 seu
1178 3315 1251 3362 car·

119 3407 267 3497 tuales,
287 3408 475 3479 schismatis
506 3434 655 3480 errorem
682 3410 839 3479 videatur
861 3409 1056 3493 ostendere,
1079 3423 1114 3476 et
1133 3404 1248 3475 multis

118 3525 274 3595 «existat
305 3525 340 3594 iu
368 3523 564 3595 scandalum
594 3525 739 3594 varietas
766 3523 996 3594 ecclesiarum.
1022 3527 1122 3594 Unus
1143 3523 1248 3618 igitur

118 3641 238 3712 «ordo
253 3639 373 3710 orandi
396 3655 499 3736 atque
514 3639 678 3737 psallendi
698 3641 797 3710 nobis
816 3664 1028 3736 peromnem
1048 3638 1245 3736 Hispaniam

118 3771 254 3849 «atque
273 3752 419 3825 Galliam
432 3753 486 3851 (1)
505 3771 736 3846 conservetur,
762 3781 851 3825 unus
871 3754 991 3825 modus
1010 3756 1045 3824 in
1068 3754 1245 3823 missarum

118 3870 434 3958 «solemnitatibus,
453 3895 543 3941 uuus
564 3872 599 3941 in
622 3872 827 3969 vespertinis
845 3871 1090 3964 matutinisque
1110 3867 1247 3955 officiis,

117 4013 134 4048 a
152 4011 214 4055 nec
245 3982 376 4069 diversa
396 3987 439 4055 sit
463 3985 552 4056 ultra
580 3987 615 4056 in
646 3987 743 4056 nobis
770 3985 991 4057 ecelesiastica
1017 3984 1246 4071 cousuetudo;

119 4101 229 4196 aquia
247 4101 282 4168 in
304 4124 372 4171 uua
395 4099 463 4170 fide
482 4104 699 4173 coritinemur
713 4117 746 4173 et
767 4127 895 4200 regu03
915 4102 981 4174 hoc
995 4101 1084 4171 enirn
1105 4116 1139 4170 ct
1157 4100 1248 4169 anti·

119 4243 137 4280 a
152 4217 212 4310 qui
225 4241 372 4287 canones
389 4217 623 4309 decreverunt,
647 4234 684 4290 ut
701 4244 911 4314 unaquaeque
925 4218 1098 4315 provincia
1113 4231 1147 4286 ct
1161 4214 1249 4312 psal·

156 4453 195 4527 (l)
214 4453 254 4510 De
268 4453 354 4510 Gallia
364 4453 523 4513 Narbonensi
533 4455 568 4512 iti
582 4457 675 4531 agitur.
