2978 5076
477 379 522 424 ee
545 378 632 429 suaa
658 381 863 430 urruaerco.
1160 361 1234 461 ²39

104 504 251 577 ecelesiae
267 529 338 574 sue
354 506 500 601 propriae
514 502 661 602 liturgiae
673 507 984 605 adstringebantun
1005 515 1168 582 Romane
1189 514 1232 584 li·

105 622 226 716 turgiae
240 619 409 690 adstrictre
425 622 663 692 censebantur.
682 625 725 694 Et
737 627 862 696 marite
870 625 1011 720 quidem
1030 627 1234 700 :liceteuim

104 737 220 807 multra
240 751 274 806 et
296 733 464 806 notabiles
484 737 662 808 varietates
683 754 766 808 ertu
783 754 904 828 esseut,
929 756 1001 810 tum
1021 743 1111 834 quod
1127 747 1235 838 parti·

103 851 236 924 culares
252 850 408 922 Eeclesioe
427 853 550 922 sensim
570 854 644 924 siue
660 879 763 926 sensu
782 854 888 924 multa
900 855 1110 929 addidissent
1127 873 1162 930 et
1181 886 1234 930 re·

103 969 299 1055 traxissent,
321 982 392 1036 tum
412 967 504 1061 quod
525 970 728 1040 mutationes
746 971 781 1038 iu
809 971 917 1066 ipsam
936 974 1099 1042 Romane
1120 973 1232 1045 ecele-

104 1086 160 1154 siae
181 1082 355 1178 liturgiam
379 1082 539 1172 inductae,
564 1085 599 1153 iu
619 1100 755 1154 caeteras
778 1083 934 1156 eeclesias
954 1087 1148 1159 Occidentis
1163 1115 1233 1160 non

106 1198 317 1287 transissent,
336 1213 451 1270 tamen
470 1198 584 1293 quoad
597 1200 824 1270 substantiam
836 1225 954 1271 omnes
972 1204 1157 1295 generatim
1172 1227 1235 1274 oe-

104 1313 288 1386 cidentalos
321 1313 467 1408 liturgiae
514 1319 675 1385 Romanu
716 1329 960 1386 remanserant.
1007 1317 1234 1411 decipiendus

106 1443 238 1498 tantum
255 1429 340 1498 ritus
367 1429 609 1499 Ambrosianus
637 1429 899 1500 bletbulanensis
922 1430 1080 1520 ecclesie,
1100 1449 1132 1502 et
1160 1438 1233 1505 Go-

104 1545 216 1614 thicus
231 1545 264 1612 in
282 1543 420 1638 capellis
431 1545 638 1638 quibusdam
655 1543 828 1614 Toletanis
841 1568 885 1617 ex
908 1545 1042 1615 indulto
1056 1547 1233 1642 pontificio

103 1675 334 1729 conservatus.
348 1663 419 1731 Nec
442 1661 625 1754 objiciatur
637 1658 771 1754 aliquos
788 1663 976 1756 Episcopus
993 1662 1064 1757 jam
1079 1678 1233 1758 tempore

103 1777 139 1844 S.
161 1776 212 1842 Pii
234 1777 267 1842 V
287 1775 351 1843 sibi
380 1774 546 1843 breviaria
573 1799 593 1842 u
619 1777 778 1843 Romano
806 1775 1072 1848 substantialiter
1100 1777 1232 1850 diversa

104 1889 268 1958 conflasse
292 1915 301 1958 :
323 1889 356 1957 id
377 1891 468 1957 enim
487 1914 557 1958 aon
581 1904 741 1983 tunquam
758 1889 826 1982 jus,
846 1891 905 1960 sed
929 1907 1089 1986 tanquam
1103 1894 1233 1964 abusus

103 2003 234 2073 adicto
255 2004 415 2074 Pontifice
429 2018 648 2074 memoratur.
670 2008 762 2073 Dum
782 2027 864 2098 ergo
881 2009 916 2075 S.
934 2009 1014 2074 Pius
1036 2010 1062 2076 V
1080 2007 1234 2101 loquitur

104 2122 148 2193 dc
162 2120 312 2191 ecclesiis
327 2145 402 2214 quae
417 2120 462 2192 de
472 2121 631 2217 juremel
640 2122 889 2192 cousuetudine
908 2121 1052 2216 liturgiae
1071 2127 1233 2194 Romanae

103 2237 376 2332 adstringuntur,
399 2237 541 2306 dubium
563 2255 631 2306 uon
655 2253 706 2306 est
724 2239 834 2332 ipsum
852 2237 894 2306 de
911 2237 1015 2306 totius
1030 2237 1233 2333 generaliter

103 2352 299 2424 Occidentis
321 2350 468 2422 eeclesiis
480 2376 551 2421 esse
568 2350 732 2421 locutum.

153 2467 259 2557 Quod
278 2469 418 2562 insuper
433 2466 657 2537 confirmatur
677 2489 719 2538 ex
739 2491 844 2560 scopo
866 2467 909 2536 ab
929 2467 1045 2538 euclem
1065 2469 1233 2540 Pontifice

103 2597 137 2650 ct
150 2607 172 2652 n
187 2579 386 2652 Tridentinis
398 2581 528 2676 syuodo
545 2581 688 2650 intento.
705 2580 842 2650 Celebri
858 2582 961 2667 euim,
979 2598 1013 2650 et
1027 2598 1080 2652 tot
1096 2584 1231 2654 cormilii

103 2698 297 2767 Tridentini
321 2723 361 2766 ac
385 2695 592 2765 Pontificum
619 2699 851 2764 Romanorum
871 2697 961 2766 curis
983 2696 1154 2768 elaborata
1175 2721 1232 2769 ue·

104 2812 319 2895 formatione,
345 2811 380 2879 id
401 2811 570 2905 praecipue
588 2809 840 2898 intendebatur,
864 2825 902 2880 ut
924 2826 989 2880 tam
1010 2813 1126 2882 multae
1144 2827 1233 2884 tem·

103 2951 226 3022 porum
252 2941 363 2996 tractu
390 2926 537 2996 inductae
565 2926 742 2994 varietates
772 2940 875 3018 atque
900 2929 1008 2996 exorti
1036 2928 1162 2997 abusus
1190 2930 1233 3000 de

103 3042 217 3110 medio
235 3040 452 3126 tollerentur,
472 3055 575 3134 atque
601 3039 712 3107 unitas
731 3039 960 3110 reduceretur.
980 3042 1066 3128 Quae
1085 3066 1178 3112 mens
1196 3044 1230 3112 in

103 3155 206 3226 bullis
224 3156 338 3226 Pisais
352 3170 385 3224 et
399 3156 526 3224 caeteris
546 3154 587 3222 de
607 3155 670 3223 hac
694 3179 730 3223 re
745 3155 974 3224 monumentis
996 3165 1162 3251 perpetuo
1178 3183 1234 3228 ex·

102 3297 218 3366 pressa
231 3272 390 3341 recurrit.
404 3274 512 3339 Porro
528 3271 554 3340 si
566 3271 646 3340 Pius
657 3272 699 3354 V,
716 3270 779 3338 sub
792 3270 930 3338 nomine
945 3270 1173 3341 ecclesiarum
1185 3271 1234 3343 dc

92 3387 181 3482 jare
212 3387 275 3458 uel
296 3382 551 3456 consuetudine
575 3386 662 3454 atui
687 3383 859 3454 Ecclesiae
880 3389 1052 3454 docmate
1071 3385 1232 3457 adelicta-

104 3527 194 3590 rum,
212 3527 282 3570 non
301 3500 610 3596 comprehendisset
632 3525 687 3568 eas
709 3524 784 3593 quae
807 3499 1037 3584 varietntibus,
1063 3499 1142 3570 licet
1160 3527 1231 3571 unu

102 3616 397 3702 substantialibus,
411 3643 430 3685 a
451 3615 589 3710 liturgia
600 3619 716 3686 Romae
729 3617 963 3710 tunc.·vigente
978 3615 1229 3712 discrepabant,

101 3733 231 3802 frustra
249 3734 388 3802 om'uiue
409 3757 486 3800 suas
504 3729 613 3801 bullus
631 3730 887 3826 promulgasset.
904 3734 1034 3800 Omnes
1056 3733 1146 3802 enim
1162 3737 1232 3804 (le-

98 3849 250 3918 eidentis
264 3847 410 3917 ecclesie
425 3848 468 3916 ub
492 3847 564 3940 ejus
587 3846 729 3916 decretis
749 3848 890 3917 fuissent
906 3863 1063 3942 exceptae,
1079 3872 1156 3916 curu
1176 3849 1233 3918 vix

101 3963 172 4033 ullu
199 3978 282 4032 tuae
303 3963 449 4032 extiterit
463 3985 578 4056 quma
602 3961 738 4054 liturgia
757 3965 872 4032 Rome
893 3976 979 4032 tuuc
1003 3963 1164 4056 temporis
1183 3965 1234 4032 vi·

102 4094 206 4174 gente
230 4103 299 4148 nea
318 4077 485 4148 differret.
500 4079 574 4148 lmo
597 4076 639 4146 ad
663 4075 811 4146 tollenda
825 4077 994 4171 ejusmodi
1015 4077 1231 4167 discrimina.

99 4193 281 4265 decretum
303 4219 380 4262 curn
401 4217 494 4262 novo
520 4192 687 4262 breviario
709 4206 743 4261 et
767 4215 855 4262 nevo
878 4191 1003 4264 missali
1024 4193 1232 4266 edicebamr.

98 4312 193 4379 Cum
220 4331 303 4404 ergo
333 4321 503 4403 repugnet
527 4306 640 4376 sedem
670 4303 900 4400 Apostolimm
936 4304 1056 4376 inutile
1088 4305 1171 4400 quid
1197 4319 1234 4374 et

103 4419 248 4492 stultum
262 4420 409 4493 voluisse
427 4445 538 4517 agere,
559 4421 739 4492 dicendum
753 4435 806 4494 est
820 4423 884 4494 sub
896 4419 1045 4492 formula
1063 4419 1233 4492 eceterae-
