3018 5070
515 409 561 454 ns
588 408 675 455 suaa
702 409 908 458 mruncrco.
1225 383 1270 460 53

143 564 313 634 expressa,
334 535 416 607 falsa
442 563 512 608 esse
539 553 727 632 nequeunt,
752 555 790 608 ut
820 563 921 634 supra
941 535 1189 609 ostendimus·
1159 564 1270 635 ‚ergo

142 681 260 725 revera
281 654 362 724 locis
380 651 577 748 theologicis
595 657 716 725 merito
732 653 868 750 liturgia
887 669 1140 724 annumeratur

190 769 299 862 Quod
321 783 433 838 autem
456 771 499 839 sit
523 763 725 839 ditissimum
749 770 942 840 traditionis
965 770 1167 865 depositum,
1192 769 1271 838 satis

141 900 296 980 patetex
316 885 447 979 ingenti
475 880 617 954 numero
636 883 857 955 formularum
878 900 912 955 et
932 887 1059 955 rituum
1078 885 1200 979 quibus
1220 909 1272 953 ec·

142 1000 321 1072 elesiarum
338 997 490 1069 doctrina
509 1015 543 1068 et
561 999 644 1070 fides
666 994 828 1071 remansit
844 1002 1042 1095 consignata
1065 1014 1097 1069 ct
1117 999 1211 1093 quasi
1229 999 1270 1067 si·

141 1114 268 1213 gillata
284 1116 456 1222 Liturgiae
465 1117 553 1184 enim
567 1130 708 1205 veteres,
725 1115 807 1210 quid
822 1109 993 1185 tenuerint
1004 1116 1150 1208 autiquae
1164 1113 1270 1184 eccle·

142 1233 198 1300 siae
213 1245 394 1301 testantur.
413 1231 508 1322 Quid
525 1231 670 1301 decursu
684 1230 883 1301 saeculorum
898 1231 939 1299 de
955 1253 1058 1298 manu
1074 1228 1116 1297 ad
1132 1251 1269 1296 manum

141 1348 303 1416 traditum
323 1347 378 1432 sit,
399 1345 561 1416 ditissime
577 1347 706 1443 pariter
727 1347 888 1416 exhibent
911 1343 1055 1440 liturgiae
1073 1357 1269 1436 contempo-

141 1487 261 1531 raneae.
284 1463 338 1532 Ita
364 1475 404 1529 ut
430 1461 556 1530 nimius
586 1463 726 1532 minime
760 1463 864 1532 fuerit
898 1460 1105 1547 Bossuetius,
1132 1457 1269 1553 quando

142 1573 314 1672 liturgiam
337 1576 480 1665 vocavit,
497 1576 695 1674 principale
718 1574 918 1648 traditionis
936 1578 1218 1646 instrumentum.
1246 1619 1249 1624 -
1333 1625 1336 1630 -

651 1781 670 1871 ς
694 1782 755 1848 111.

242 1947 339 2003 satisfit
347 1949 423 2005 variis
437 1947 624 2022 objectionibus
639 1931 725 2004 couno
740 1948 912 2022 dogmaticum
924 1951 1035 2024 liturgia
1049 1951 1170 2007 valorem.

186 2141 317 2208 Praeter
335 2133 550 2206 difficultates
568 2136 693 2229 quibus
717 2162 818 2231 supra
846 2138 981 2207 obviam
1001 2139 1134 2225 ivimus,
1152 2163 1269 2233 super·

139 2267 219 2324 sunt
250 2251 333 2340 aliae,
363 2275 383 2318 a
416 2250 682 2346 protestantibus
710 2251 894 2345 praesertim
923 2251 1117 2321 auctoribus
1140 2256 1269 2322 moveri

139 2366 260 2455 solitae;
281 2390 365 2460 quas
383 2365 447 2434 sub
462 2363 597 2460 speciali
612 2365 677 2434 hoc
691 2367 913 2494 paragrapho
918 2365 1077 2516 colligere
1091 2381 1127 2436 et
1140 2366 1271 2494 solvere

138 2497 374 2578 opportunum
395 2481 505 2550 visum
523 2495 584 2549 est.

187 2600 367 2668 Onsecrro
406 2604 517 2666 1⁸.··-·
536 2596 668 2664 Primis
688 2612 839 2690 quatuor
873 2597 1003 2668 saeculis
1031 2595 1123 2666 nulla
1156 2597 1268 2668 extitit

139 2712 265 2806 scripta
279 2710 440 2805 liturgia;
460 2733 541 2804 ergo
555 2734 675 2803 parum
693 2713 816 2802 juvant
830 2710 976 2806 liturgiae
992 2712 1036 2804 ad
1050 2712 1266 2808 probandum

139 2827 264 2922 dogma
299 2823 514 2913 catholicum,
545 2826 729 2920 praesertim
749 2826 918 2896 'adversus
954 2842 1178 2922 protestantes
1209 2827 1268 2922 qui

140 2942 331 3014 testimonia
361 2955 494 3010 tautum
516 2941 668 3035 priorum
693 2939 894 3012 saeculorum
912 2956 950 3010 ut
977 2956 1070 3011 certo
1091 2965 1177 3035 pura
1208 2941 1269 3010 ad·

138 3059 295 3128 mittunt.
314 3054 453 3130 Nullam
471 3055 590 3149 primis
607 3069 758 3148 quatuor
773 3054 901 3124 saeculis
924 3056 1083 3150 scriptam
1102 3054 1206 3124 fuisse
1226 3053 1267 3123 li-

139 3174 299 3267 turgiam‚
317 3187 352 3240 et
369 3185 442 3241 toto
460 3171 525 3239 hoc
541 3170 701 3264 temporis
716 3185 826 3240 tractu
839 3177 915 3241 'rem
934 3169 1126 3267 liturgicam
1145 3195 1268 3241 memo

140 3287 223 3358 riter
242 3301 376 3356 tantum
409 3286 511 3356 fuisse
543 3300 728 3380 peractam,
758 3302 793 3356 et
825 3288 872 3356 sic
901 3285 946 3357 ad
973 3289 1132 3381 quintum
1160 3313 1268 3382 usque

141 3399 299 3472 saeculum
311 3402 552 3488 transmissam,
573 3416 756 3472 tenuerunt
770 3417 804 3470 et
820 3402 1095 3472 demonstrarunt
1114 3403 1182 3471 duo
1201 3403 1267 3471 viri

139 3516 227 3586 inter
245 3515 396 3586 eruditos
413 3517 603 3613 conspicui,
626 3516 765 3587 Lebrun'
784 3514 910 3586 scilicet
930 3517 965 3584 in
984 3541 1044 3585 sua
1064 3516 1173 3612 prima
1197 3515 1267 3585 dis-

140 3633 336 3722 sertatione,
359 3646 394 3700 et
411 3635 557 3702 Joannes
576 3633 694 3703 Pinius
714 3634 749 3701 in
770 3656 833 3702 suo
861 3647 1006 3702 tractatu
1029 3633 1078 3701 ‹lc'
1092 3633 1197 3702 veteri
1226 3631 1268 3702 li-

139 3749 251 3842 turgia
270 3747 457 3842 hispanica,
471 3773 546 3842 cap.
572 3747 694 3841 1,§3.
742 3779 746 3796 =
861 3749 865 3761 '
1078 3751 1082 3760 '

186 3867 403 3934 Rnsronsro.
423 3905 473 3918 -
500 3863 536 3934 1⁰
562 3864 713 3934 Omnino
737 3867 1003 3944 controvertitur
1028 3863 1268 3959 praedictorum

140 3978 343 4073 scriptorum
363 3979 494 4073 opinio,
514 3995 547 4050 et
579 3979 775 4075 gravissima
803 3996 882 4050 suut
913 3995 1110 4076 argumenta
1143 3979 1267 4073 quibus

141 4092 373 4186 impugnatur.
396 4093 436 4162 Id
457 4093 556 4164 facile
577 4109 788 4188 compertum
810 4094 945 4164 habebit
964 4096 1023 4189 qui
1048 4094 1168 4189 legerit
1188 4118 1267 4163 eru·

141 4207 227 4278 ditas
246 4208 289 4278 de
310 4209 373 4279 hac
394 4235 433 4279 re
455 4209 707 4280 dissertationes
729 4211 848 4281 Merati
866 4211 918 4305 (in
938 4212 1151 4301 Garantum,
1176 4225 1201 4280 t.
1221 4207 1264 4304 1),

142 4322 321 4394 cardinalis
340 4329 444 4395 Bonae
460 4349 538 4396 cum
554 4326 644 4395 notis
661 4324 744 4396 Salae
761 4325 801 4422 (t.
817 4331 848 4415 1,
869 4352 947 4423 pag.
971 4324 1065 4422 123),
1084 4323 1267 4394 Muratorii

142 4437 198 4532 (de
222 4437 361 4535 liturgia
381 4465 534 4532 romana,
554 4466 627 4537 cap.
649 4440 745 4537 1),et
765 4443 976 4514 Assemaunii
1001 4441 1076 4537 (lib.
1094 4464 1144 4530 ιν,
1169 4465 1204 4535 p.
1232 4461 1265 4531 ι,
