2982 5072
251 359 322 449 146
709 382 915 430 mesenus

245 529 377 586 sottus-
386 511 522 608 privotr'
542 509 634 605 apud
661 523 886 604 protestantes
916 507 1077 595 adunisse,
1098 522 1151 578 ast
1176 533 1197 578 a
1218 508 1375 582 doctrina

246 626 417 704 catholica
439 649 578 724 prorsus
595 623 742 695 alienum
761 640 821 698 est.
849 628 921 698 Nec
941 626 1054 696 minos
1073 624 1308 696 subter-sivum
1324 641 1376 698 est

248 743 460 815 auctoritatis
479 739 599 829 civilis,
615 765 689 810 eam
706 741 873 836 subjicere
891 741 1024 835 privato
1044 738 1229 835 cujuslibet
1248 741 1375 814 subditi

243 859 394 954 judici03
413 859 461 928 ita
477 871 517 926 nt
540 857 646 953 possit
668 857 812 950 quisque
827 856 908 927 huic
924 857 1119 928 auctoritati
1140 859 1309 948 resistere,
1333 885 1374 930 eo

248 976 325 1075 ipso
338 974 434 1070 quod
441 974 505 1068 ipsi
512 971 734 1070 probabilitas
744 972 902 1043 videatur
913 973 1086 1044 decretum
1099 973 1196 1043 civile
1209 973 1376 1068 injustam

246 1091 486 1178 osse.--Ast,
514 1087 694 1181 inquiunt,
721 1087 810 1156 hanc
836 1086 992 1182 regulam
1020 1087 1207 1177 tradimus,
1234 1091 1375 1183 qaia-ex

245 1203 425 1300 hypothesi
442 1201 650 1298 impossibile
671 1215 722 1270 est
745 1204 883 1297 utrique
904 1199 1007 1272 simtd
1026 1201 1177 1273 obedire
1192 1238 1241 1258 ·-
1254 1205 1291 1272 Si
1306 1205 1375 1276 im-

245 1318 405 1416 possibile
419 1319 463 1388 sit
480 1318 620 1412 utrique
641 1317 793 1405 obedire,
822 1317 995 1411 quomodo
1022 1343 1091 1388 non
1114 1317 1232 1389 videtis
1251 1322 1375 1415 impos·

245 1431 343 1504 sibile
354 1457 439 1521 esse,
452 1447 490 1500 ut
505 1448 650 1524 utraque
665 1431 721 1524 jos
735 1431 912 1504 babeatdc
928 1457 965 1502 re
976 1431 1092 1502 aden
1109 1435 1374 1508 conmodictorie

245 1546 473 1619 decorandi?
492 1548 566 1618 Non
581 1544 765 1616 enimdari
782 1562 894 1640 potest
904 1546 959 1639 jos
973 1548 1129 1644 exigendi
1139 1550 1371 1644 impossibilia.

244 1662 281 1732 Si
299 1677 414 1732 antem
440 1661 577 1753 utrique
601 1685 671 1728 ooo
691 1673 862 1754 competat
882 1686 1000 1731 veroin
1024 1662 1081 1756 jus
1110 1663 1374 1738 contradictorie

243 1777 287 1848 de
316 1777 457 1848 materia
478 1776 587 1846 mixta
616 1775 838 1866 decernendi,
864 1802 945 1871 ergo
968 1775 1134 1849 alterutra
1155 1793 1290 1850 tantum
1315 1783 1373 1878 jos

245 1892 332 1966 illud
356 1893 540 1982 hobot,.et
560 1891 668 1962 altera
690 1892 722 1964 ei
744 1892 864 1962 cedere
894 1893 1006 1964 debet.
1031 1896 1201 1964 Ceterum
1220 1921 1279 1966 tos
1308 1897 1373 1991 ipsi

245 2010 560 2080 subordinationem
569 2006 664 2078 illam
679 2009 838 2102 cogimini
851 2007 1045 2099 admittere,
1059 2023 1093 2080 et
1104 2035 1222 2081 ierem
1237 2014 1277 2080 in
1289 2037 1371 2107 pra-

243 2124 312 2196 fata
327 2141 439 2200 vestra
458 2123 574 2219 regola
589 2123 791 2192 admittitis:
812 2147 889 2192 narn
910 2122 1054 2194 liberum
1071 2125 1193 2220 coique
1209 2127 1322 2198 facitis
1334 2141 1372 2198 nt

242 2241 399 2313 alterutri
419 2251 550 2311 tantum
569 2241 727 2335 potestati
748 2239 905 2327 obediat,
920 2254 954 2308 et
967 2239 1107 2310 alterius
1118 2241 1211 2335 jussa
1228 2255 1369 2338 postpo-

243 2373 317 2429 nat.
335 2362 454 2428 ·P.orro
474 2354 616 2448 quilibet
636 2355 788 2448 privatus
810 2353 892 2424 dum
922 2353 969 2426 ita
991 2356 1082 2450 agit,
1099 2356 1170 2450 ipse
1186 2381 1288 2426 unam
1311 2383 1372 2454 po·

245 2486 401 2542 testatam
438 2469 534 2540 alteri
563 2467 797 2560 subordinat,
828 2469 995 2563 siqnidem
1030 2470 1132 2542 unae
1172 2471 1370 2544 mandatum

239 2599 375 2673 serrat,
401 2582 538 2652 alterius
570 2605 632 2676 pro
655 2581 751 2654 nollo
778 2583 898 2654 babet..
926 2585 1028 2656 Unde
1053 2585 1369 2658 subordinationem

238 2701 417 2771 ambacum
437 2713 642 2793 potestatum
662 2697 844 2772 ultimatim
865 2723 935 2768 non
958 2701 1087 2790 vitatis,
1110 2701 1265 2772 sedeam
1288 2727 1369 2774 con·

243 2816 383 2888 stituitis
397 2813 493 2909 juxta
513 2815 685 2909 priv-atum
699 2816 865 2909 cujusque
881 2827 1029 2886 sensum.
1049 2816 1089 2888 3ο
1113 2818 1180 2890 Sed
1198 2817 1280 2888 dum
1296 2819 1369 2890 ·hoc

241 2931 343 3003 modo
359 2927 595 3000 diffimttatem
610 2928 741 3000 solvere
752 2931 944 3021 conamini,
966 2933 1104 3004 minime
1123 2933 1167 3004 de
1187 2933 1279 3007 facto
1297 2933 1366 3006 sol·

240 3048 318 3118 vitis
336 3070 344 3118 ε
362 3070 461 3133 nam,
478 3070 556 3114 cum
581 3045 691 3116 moeni
708 3045 875 3138 an'usque
893 3047 1027 3140 privato
1056 3047 1255 3142 relinquatis
1275 3049 1366 3120 doci·

239 3163 389 3234 dendom
407 3163 542 3232 cuinam
562 3163 723 3258 potestati
751 3163 807 3257 (in
825 3189 905 3234 casu
934 3163 1207 3236 contradictoriae
1228 3165 1367 3240 ordina·

239 3278 356 3374 tionis)
376 3277 606 3348 obediendam
619 3277 672 3363 sit,
689 3291 725 3345 et
740 3277 775 3346 in
790 3279 892 3348 reboo
906 3278 1103 3373 hujusmodi
1111 3277 1251 3350 aliialio
1260 3282 1366 3352 -rnodo

240 3398 365 3466 sentito
374 3393 521 3484 soleant,
543 3393 598 3462 alii
616 3417 679 3487 pro
698 3391 790 3463 civili
806 3394 1009 3466 auctoritate
1034 3395 1192 3486 stabunt,
1209 3396 1270 3468 alii
1287 3423 1365 3469 veno

237 3537 301 3608 pro
313 3509 539 3581 ecelesiastica
546 3535 561 3597 ς’
571 3524 610 3578 et
629 3509 677 3578 sic
695 3526 849 3582 remanet
871 3535 1007 3608 pugna,
1021 3511 1202 3582 conflictus
1219 3527 1256 3582 et
1274 3513 1366 3584 ines-

236 3625 399 3698 tricabilis
427 3624 596 3695 confirsio.
614 3627 813 3695 Praesertim
839 3652 917 3698 cana
941 3653 1073 3723 semper
1095 3625 1225 3698 salvum
1257 3629 1365 3700 velitis

234 3757 382 3812 vestrum
400 3739 605 3835 proscipiens
633 3739 675 3810 de
697 3740 959 3836 independentia
978 3745 1155 3840 utriusque
1180 3744 1358 3840 potestatis

233 3855 444 3950 absqae'ulla
461 3855 565 3924 naias
587 3855 628 3924 ael
645 3853 788 3928 alteram
805 3859 1084 3930 subordinatione
1099 3885 1108 3930 :
1123 3861 1249 3954 poterit
1265 3885 1362 3932 nam·

231 3997 316 4067 que,
343 3972 440 4063 josto
464 3967 553 4040 illud
577 3971 805 4066 principiam,
835 3975 993 4071 princeps
1018 3973 1216 4072 temporalis
1240 3976 1366 4073 punire

232 4111 292 4156 eos
303 4087 362 4180 qni
373 4083 565 4156 maluerunt
586 4085 738 4158 Ecclesiae
753 4091 1008 4188 obtemperare3
1025 4107 1060 4162 et
1076 4090 1224 4162 Ecclesia
1242 4092 1367 4186 poteiit

237 4202 533 4272 excommunicare
560 4218 594 4273 et
614 4218 708 4274 ostra
743 4206 854 4276 sinum
882 4231 981 4278 suum
1010 4208 1133 4301 ejicere
1160 4232 1217 4278 eos
1246 4208 1306 4302 qui
1334 4206 1368 4276 in

241 4331 352 4412 partes
372 4315 479 4388 civilis
500 4318 632 4413 imperii
650 4319 821 4390 abierunt.
853 4324 968 4418 Atque
992 4323 1040 4394 ita
1059 4322 1203 4419 agendo,
1221 4325 1369 4416 utraque

241 4447 389 4531 potestas
402 4488 412 4522 ,
427 4433 522 4532 juxta
544 4448 691 4511 vestrim
719 4438 949 4538 principium,
967 4437 1043 4537 jure
1059 4463 1124 4514 sue
1143 4453 1273 4534 otetur,
1290 4435 1368 4536 quia
