2964 5070
259 329 333 402 286
383 385 386 394 .
718 351 926 403 reserares
1015 348 1018 357 '

306 511 323 545 a
338 487 527 553 statuentes
554 483 633 550 ltuic
660 497 776 551 nostro
799 482 912 555 officio
940 509 1050 579 nuper
1074 485 1185 575 edito,
1206 489 1292 557 nihil
1313 489 1385 560 ullo

257 621 437 690 «unquam
469 612 618 692 tempore
655 621 715 692 per
747 619 998 693 quemcumque
1033 602 1151 692 quavis
1180 605 1388 674 auctoritate

257 711 495 806 «fungentem
519 711 641 804 quovis
667 725 835 806 praetextu
866 711 964 798 addi,
989 712 1120 784 detrahi
1158 715 1212 784 vel
1250 719 1378 789 immu-

257 855 275 890 «
293 829 353 895 tari
376 826 510 896 debere.
538 831 587 895 Ac
606 850 722 893 omnes
744 841 777 894 et
800 825 949 920 singulos
977 828 1036 921 qui
1062 830 1171 924 ipsum
1201 835 1238 900 B.
1266 835 1385 906 Mariae

257 940 441 1011 «officium
479 940 622 1009 dicere...
660 954 839 1028 tenentur,
876 967 916 1010 ex
949 943 1050 1036 hujus
1082 945 1189 1012 nostri
1231 949 1380 1017 Romani

255 1058 393 1128 «officii
421 1055 617 1150 praescripto
648 1071 682 1124 et
718 1056 865 1142 ratione,
899 1055 941 1123 ad
974 1055 1009 1126 id
1044 1055 1183 1127 omnino
1215 1058 1384 1154 obligatos

256 1199 370 1260 «esse,
395 1188 428 1241 ct
457 1170 622 1238 neminem
647 1171 778 1237 muneri
800 1193 863 1238 suo
882 1170 944 1238 nisi
969 1169 1033 1239 bae
1059 1171 1168 1240 forma
1192 1174 1384 1244 satisfacere

255 1321 271 1354 a
287 1313 425 1386 posse...
454 1290 528 1356 tton
556 1285 770 1352 obstantibus
795 1289 831 1352 in
856 1286 1029 1378 quibusvis
1055 1285 1283 1379 synodalibus,
1307 1315 1385 1382 pro-

254 1401 484 1472 nvincialibus
513 1396 565 1466 vel
587 1397 834 1467 universalibus
856 1397 1010 1467 conciliis
1035 1399 1135 1470 editis
1163 1405 1383 1472 constitutio·

255 1519 423 1588 «nibus...
442 1545 459 1580 a

304 1632 397 1722 Quid
408 1629 493 1726 juris
508 1653 546 1696 ex
568 1643 683 1696 tenore
699 1627 798 1720 hujus
817 1628 1068 1698 constitutionis
1083 1631 1212 1699 oriatur
1229 1655 1290 1725 per
1304 1657 1381 1726 par·

254 1763 303 1817 tes
321 1771 412 1814 nanc
426 1743 680 1838 expendendum
694 1757 755 1810 est.

307 1861 344 1930 1·⁰
363 1860 530 1928 Omnibus
554 1859 625 1926 sine
642 1859 837 1952 exceptione
860 1857 1017 1927 fidelibus
1033 1859 1247 1929 interdicitur
1264 1863 1379 1954 cujus·

215 1981 218 1986 '
252 2001 400 2070 cumque
419 1973 520 2042 officii
542 1975 578 2041 B.
596 1969 764 2066 Virginis,
780 1969 912 2064 vulgari
930 1970 1044 2067 lingua
1063 1975 1263 2068 conscripti,
1285 2001 1379 2046 usus.

250 2097 295 2163 Et
310 2092 371 2159 sub
393 2113 431 2158 ea
449 2087 678 2181 prohibitione
694 2086 1031 2180 comprehenduntur
1046 2090 1146 2156 etiam
1163 2093 1201 2158 B.
1223 2092 1379 2186 Virginis

251 2207 363 2276 officia
382 2204 484 2273 latine
504 2203 639 2295 scripta,
660 2201 783 2294 quibus
798 2203 965 2270 orationes
980 2201 1014 2270 ln
1034 2201 1183 2297 linguam
1200 2204 1376 2298 vulgarem

250 2320 420 2390 translatae
441 2320 571 2386 insertae
594 2316 746 2383 luissent.

298 2441 369 2504 Hac
389 2432 609 2527 dispositione
628 2431 690 2497 sub
710 2429 803 2523 gravi
820 2428 985 2522 obligatas
1008 2429 1108 2498 faisse
1126 2457 1245 2502 omnes
1267 2433 1378 2504 ercle-

249 2560 314 2628 sias
344 2557 523 2625 indubium
540 2567 601 2641 est,
619 2577 697 2622 cum
727 2568 931 2647 praeceptum
948 2555 992 2621 sit
1014 2577 1221 2649 expressum,
1238 2559 1378 2626 univer·

249 2669 316 2740 sale
330 2688 363 2739 et
383 2671 423 2738 de
441 2669 583 2738 materia
601 2669 704 2762 gravi.
726 2666 858 2737 Nullam
872 2683 984 2737 autem
999 2657 1276 2738 consuetudinem
1290 2698 1378 2741 con·

250 2803 301 2853 tra
317 2783 422 2878 legem
445 2781 532 2850 hanc
552 2782 697 2876 legitime
713 2781 964 2876 praesctipsisse,
983 2783 1128 2876 probant
1149 2787 1295 2854 rationes
1312 2813 1378 2855 su-

247 2892 362 2994 perias
381 2895 499 2988 allatae,
517 2895 576 2964 ubi
597 2895 712 2964 eadem
737 2897 876 2988 quaestio
896 2897 983 2964 circa
1000 2896 1205 2967 breviarium
1225 2899 1376 2971 discussa

247 3030 308 3084 est.
324 3014 376 3084 Ad
392 3011 575 3107 legitimam
594 3009 721 3079 scilicet
731 3011 1022 3103 praescriptionem
1033 3013 1190 3082 accedere
1204 3013 1378 3087 debuisset

247 3131 368 3198 tacitus
382 3127 498 3196 saltem
516 3125 602 3194 sedis
628 3124 825 3218 Apostolicae
847 3149 1029 3195 consensus
1050 3153 1058 3195 :
1082 3125 1138 3196 ille
1152 3145 1265 3198 autem
1283 3157 1376 3202 con-

247 3269 362 3314 sensus
379 3243 527 3338 legitime
543 3241 698 3334 praesumi
720 3241 849 3333 nequit,
870 3265 946 3308 cunr
964 3241 1053 3311 infra
1074 3244 1225 3337 proxime
1241 3244 1376 3340 elapsos

235 3359 468 3454 ¹quadraginta
509 3379 616 3425 annos
653 3359 688 3424 S.
728 3357 855 3423 rituum
887 3359 1113 3451 Congrcgatio
1152 3358 1375 3432 declaraverit

246 3477 283 3542 S.
302 3476 352 3542 Pii
369 3477 410 3560 V,
422 3469 605 3543 Clementis
618 3473 701 3540 VIll
715 3485 748 3539 ct
764 3471 895 3540 Urbani
908 3473 986 3541 VIlI
1005 3474 1266 3544 constitutiones
1284 3477 1373 3547 circa

246 3586 352 3655 libros
367 3585 554 3681 liturgicus,
581 3609 620 3652 ac
638 3585 781 3678 proinde
801 3586 900 3652 etiam
922 3583 1050 3654 ballam
1070 3589 1236 3682 Supernt',
1256 3593 1293 3658 in
1306 3615 1372 3662 sao

245 3701 367 3771 robore
386 3713 609 3797 permansere.
629 3701 741 3793 Atque
762 3700 900 3793 insuper
916 3699 1061 3794 legitime
1077 3703 1235 3796 praesumi
1255 3707 1374 3798 nequit

245 3821 405 3886 Summus
419 3816 576 3886 Pontifex
593 3816 784 3884 consentire
799 3814 858 3884 tali
871 3815 1122 3901 consuetudini,
1139 3817 1222 3886 dum
1240 3837 1373 3890 constat

244 3932 410 4000 librorum
433 3931 669 4026 litargicorum
693 3932 727 3998 in
751 3928 901 4026 linguam
923 3928 1095 4025 vulgarem
1114 3933 1370 4005 translationem

244 4062 406 4138 tanquam
422 4047 559 4114 noxium
582 4061 614 4114 et
640 4043 866 4139 periculosum
884 4045 1026 4114 abusum
1045 4069 1066 4116 a
1084 4045 1162 4116 sede
1178 4048 1370 4142 apostolica

244 4173 440 4231 constanter
460 4159 560 4229 fuisse
576 4159 766 4228 inhibitam.

295 4275 336 4346 2⁰
353 4273 477 4366 Quoad
494 4299 550 4343 eos
578 4276 636 4366 qui
660 4275 851 4343 recitationi
868 4273 971 4344 officii
997 4277 1034 4344 B.
1054 4275 1207 4369 Virginis
1221 4275 1368 4348 adstrin-

244 4408 384 4488 guntur,
399 4405 432 4460 et
452 4406 531 4460 sunt
549 4391 584 4458 in
606 4389 744 4459 eeclesia
760 4413 833 4484 quae
848 4389 1042 4485 hujusmodi
1057 4389 1208 4460 officium
1224 4390 1365 4463 latinum
