2978 5076
229 315 301 388 208
689 339 896 388 ranem-us

230 466 301 536 «ira
319 463 479 536 onrnr'dus
500 464 653 536 rutherre'
663 461 757 536 ordis
778 463 947 550 eeclesiis,
974 468 1210 553 monumen,
1226 465 1360 538 ordior}
1396 461 1397 466 ’

231 608 248 643 ι
266 578 329 650 bus
342 595 377 652 et
388 579 487 669 locis,
504 580 612 650 etrum
625 582 812 676 exemptis,
828 579 1007 677 inquibus
1022 580 1185 675 officium
1199 606 1358 654 camare

229 723 246 758 α
266 709 300 766 et
314 696 384 766 ritu
406 693 508 766 dictae
526 693 972 766 nomanoe·uccten·oe.‹t·ci
987 693 1089 766 dedet
1104 711 1168 770 out
1181 698 1359 768 consuerit

230 807 380 904 c(sulru
393 806 570 904 proerd'cta
589 809 807 880 institutione
827 807 889 880 vel
908 805 1154 882 cousuetudine
1166 807 1360 904 predictos

230 953 248 988 α
266 921 433 994 «aceruos
457 947 573 994 uanos
597 922 811 1019 superante),
834 924 1066 1018 'praecipemus
1092 921 1281 994 obseruari.
1314 926 1361 994 Et

230 1067 246 1104 e
265 1037 387 1110 deiude
400 1036 560 1117 declarat,
576 1062 794 1132 quocumque
815 1037 883 1110 aiio
901 1036 1005 1106 modo
1022 1039 1194 1125 recitetur,
1217 1063 1284 1107 uon
1305 1063 1359 1108 sa·

230 1181 247 1216 u
267 1152 381 1223 tisfieri
397 1153 478 1222 huic
490 1150 701 1247 obligationi.
715 1157 834 1223 Postea
848 1177 927 1222 vero
941 1151 1095 1222 Ciemrns
1108 1155 1200 1235 Vnt,
1210 1151 1288 1222 iicet
1297 1177 1358 1222 oo·

231 1291 347 1338 «vum
368 1267 571 1338 breviarium
589 1266 738 1361 imprimi
765 1265 896 1353 fecerit,
922 1266 1067 1337 formam
1094 1265 1185 1338 illam
1208 1292 1276 1336 nou
1294 1268 1360 1336 im·

230 1411 248 1449 α
267 1383 426 1465 mutavit,
441 1380 499 1452 sed
514 1405 533 1450 a
549 1381 679 1452 mendis
693 1405 768 1475 qure
787 1381 993 1475 irrepserant
1012 1382 1225 1478 expurgavit,
1241 1384 1359 1477 paucis

231 1496 388 1569 «additis
409 1496 458 1568 vei
478 1497 714 1569 immutatis.»

278 1641 294 1676 a
311 1611 400 1684 Huic
418 1637 499 1705 crgo
522 1609 585 1706 legi
600 1611 760 1682 standum
777 1626 840 1697 est,
855 1628 888 1684 et
906 1613 1091 1684 secuudum
1107 1613 1196 1686 itanc
1213 1613 1358 1685 formam

119 1776 124 1786 Α
230 1740 312 1796 «est
340 1728 373 1796 iu
400 1728 505 1796 choro
526 1724 774 1822 psallendum...
808 1727 1037 1823 Undc'grave
1065 1743 1241 1823 peccatum
1270 1743 1357 1798 esset

229 1870 246 1906 a
263 1837 552 1935 quammqueaiia
565 1840 672 1910 forma
682 1841 731 1911 uti
746 1840 935 1912 iuecciesiis
945 1855 1014 1910 tam
1027 1840 1241 1914 secutaribus
1254 1867 1358 1936 quum

230 1954 479 2052 «regularibus
503 1955 566 2026 sub
589 1954 646 2024 itta
673 1955 870 2050 exceptione
893 1981 963 2026 nou
987 1955 1258 2050 'comprehensim
1277 1957 1358 2050 quia

229 2085 468 2166 «preceptum
500 2086 551 2143 est
577 2070 659 2142 satis
690 2095 885 2165 expressum
911 2085 947 2142 ct
968 2072 1109 2140 materia
1131 2073 1211 2140 satis
1234 2072 1359 2165 gravis,

229 2221 246 2256 a
263 2193 503 2286 pertinensque
517 2191 560 2262 ad
575 2192 799 2262 substantiam
812 2192 915 2261 divini
930 2191 1046 2263 officii.
1059 2219 1077 2256 a
1093 2194 1159 2284 (De
1177 2190 1355 2286 religione,
1401 2262 1405 2268 ,

230 2321 257 2378 t.
280 2309 332 2393 115
343 2322 488 2378 tractatu
501 2332 552 2393 vr,
575 2306 635 2377 lib.
653 2331 690 2378 ιν
708 2306 749 2376 de
771 2307 863 2378 horis
881 2307 1065 2396 canonicis,
1088 2331 1162 2400 cap.
1183 2330 1237 2394 xr,
1256 2331 1288 2376 u.
1305 2305 1357 2399 3.)

278 2449 295 2484 a
311 2422 409 2490 Circa
422 2420 657 2491 limitationem
675 2436 790 2490 autem
806 2421 969 2492 incudem
984 2420 1057 2517 lege
1075 2421 1238 2506 additam,
1249 2421 1291 2490 de
1305 2423 1358 2492 his

228 2566 245 2599 a
261 2534 421 2621 ecclesiis,
449 2561 522 2629 quae
538 2536 705 2606 breviario
717 2537 904 2632 approbato
922 2561 982 2632 per
996 2535 1277 2606 cousuetudinem
1295 2537 1359 2606 du·

227 2681 245 2716 u
265 2651 370 2720 ceutis
389 2655 485 2720 annis
506 2653 732 2746 antiquiorem
746 2654 961 2747 utentur(1),
973 2653 1065 2747 quod
1086 2652 1129 2722 ad
1149 2678 1245 2722 usum
1261 2654 1359 2724 chori

229 2766 399 2853 «attinet,
419 2782 548 2836 certum
567 2782 616 2836 est
638 2791 707 2836 uon
728 2768 833 2836 teucri
852 2767 895 2835 ad
918 2769 1127 2838 recitandum
1146 2767 1296 2837 officium
1322 2771 1358 2837 in

228 2910 245 2945 u
265 2881 369 2950 choro
387 2883 485 2976 juxta
500 2881 705 2952 breviarium
732 2883 797 2952 hoc
820 2885 1022 2972 Romanum,
1041 2884 1119 2976 quia
1140 2884 1173 2952 iu
1192 2884 1263 2978 ipsa
1284 2880 1358 2978 lege

228 3023 246 3061 r
264 2997 491 3089 excipiuntur.
507 3001 646 3066 Certum
661 2997 808 3066 Secundo
824 3013 884 3083 est,
902 3023 1000 3092 posse
1022 2996 1104 3066 illud
1124 3003 1312 3092 acceptare,
1330 2999 1358 3068 si

228 3140 246 3175 α
264 3110 383 3199 wetini,
401 3137 439 3180 ex
457 3137 624 3182 consensu
639 3114 798 3208 Episcopi
812 3127 845 3182 et
860 3114 964 3182 totius
974 3111 1124 3207 capituli,
1141 3114 1222 3206 quia
1236 3113 1271 3180 iu
1286 3113 1356 3205 ipsa

225 3256 244 3292 e
264 3227 364 3298 etiam
395 3228 635 3297 constitutione
660 3229 725 3297 hoc
756 3253 911 3322 expresse
942 3228 1153 3298 conceditur.
1176 3227 1246 3298 Cui
1267 3227 1356 3298 addo

227 3369 246 3405 n
265 3343 379 3427 tertio,
397 3341 490 3435 quod
514 3344 540 3411 si
567 3341 667 3414 semei
695 3344 760 3411 hoc
781 3341 883 3412 modo
910 3349 1208 3438 acceptatumfnon
1232 3343 1356 3434 poterit

226 3485 244 3522 u
264 3457 379 3551 postea
391 3457 462 3526 sine
477 3457 864 3552 pontificisauctoritate.
882 3456 1048 3552 relinqui;
1076 3459 1155 3551 quia
1181 3483 1241 3552 per
1264 3457 1353 3528 iliam

228 3599 246 3636 e
264 3562 528 3664 acceptationem
547 3573 688 3664 antiqua
704 3571 915 3642 consuetudo
937 3587 1094 3644 revocata
1121 3585 1183 3658 est,
1205 3586 1239 3642 et
1261 3573 1355 3666 prius

226 3713 246 3749 e
264 3683 468 3754 breviarium
496 3688 591 3780 quasi
614 3685 791 3775 abolitum,
815 3703 848 3758 et
875 3687 1053 3784 privilegio
1084 3689 1119 3756 iu
1146 3685 1202 3756 ilia
1236 3712 1355 3782 excep·

226 3827 244 3862 α
264 3801 357 3869 tione
384 3815 544 3901 contento
579 3801 644 3871 suit
667 3803 925 3890 ¹renuntiatum
949 3818 983 3873 et
1009 3803 1086 3873 ideo
1111 3803 1154 3872 ad
1179 3803 1353 3898 antiquam

227 3941 245 3978 n
264 3916 688 3986 cousuetudinemiteruiu
708 3919 1063 4013 propria'auctoritate
1080 3918 1184 3988 rediri
1205 3943 1274 3988 uon
1294 3942 1355 4012 po·

134 4105 136 4112 ,
226 4058 245 4094 n
264 4043 342 4116 test,
371 4029 500 4100 sed'iex
526 4032 577 4100 Pii
604 4033 722 4126 Vjam
749 4033 795 4102 ibi
816 4033 958 4128 obligat.
983 4034 1118 4122 Quarto
1141 4057 1266 4121 assero,
1284 4032 1354 4102 siue

225 4171 245 4208 a
263 4169 431 4214 consensu
439 4145 598 4240 Episcopi
613 4163 647 4216 ct
665 4149 767 4217 totius
780 4147 930 4244 capituti,
945 4173 1012 4218 nou
1025 4171 1126 4244 posse
1139 4147 1174 4216 iu
1189 4146 1255 4218 illis
1270 4147 1353 4220 dioe-

263 4321 302 4396 (i)
322 4319 400 4376 Deest
415 4321 460 4376 ilio
471 4341 519 4378 vox
531 4331 644 4380 utuntur
662 4323 690 4379 iu
712 4321 824 4380 editione
836 4323 971 4381 Venitiena
988 4326 1047 4381 anni
1062 4325 1143 4395 rus,
1158 4325 1202 4381 sed
1224 4325 1352 4382 evidenter

225 4408 370 4484 supplenda
383 4418 431 4467 est.
