2982 5072
212 316 259 388 88
670 329 877 387 mactatus

118 500 121 506 ¹
212 465 389 536 dissimum
404 463 541 560 quidem
561 464 769 561 principium
785 481 860 536 :ast
875 491 916 536 eo
930 464 1032 536 semel
1044 465 1213 556 admisso,
1229 465 1340 562 logice

212 583 331 658 saltem
345 583 574 678 expediuntur
589 581 821 672 difficultates,
832 599 866 656 et
876 585 1006 654 vitatur
1017 585 1052 654 in
1068 585 1165 678 praxi
1178 585 1340 655 anarchia

212 713 247 770 et
259 695 435 785 confusi03
449 699 477 768 si
497 696 634 792 quidem
654 721 717 793 pro
736 697 851 792 regula
869 700 959 769 circa
981 697 1155 793 liturgiam
1174 714 1339 788 remanet,

212 837 286 882 eam
300 812 423 882 debere
434 837 454 882 a
467 811 617 883 fidelium
630 811 781 908 collegiis
794 815 898 909 recipi
908 813 1081 908 liturgiam
1093 828 1128 884 et
1138 813 1341 908 religionem

212 951 288 1022 qnae
308 927 452 1021 principi
470 925 647 1023 temporali
666 926 842 1023 placuerit.
857 928 1079 998 Mosheimius
1092 953 1111 998 e
1126 943 1246 999 contra
1263 953 1341 1000 curn

213 1041 357 1130 Plaffio,
381 1041 464 1112 dum
489 1042 657 1112 Boehmeri
683 1042 892 1137 principium
917 1043 1136 1137 rejiciunt,e
1160 1042 1343 1114 difficulta-

214 1156 308 1228 tibus
338 1182 409 1227 sese
439 1159 604 1227 extricare
631 1181 701 1226 non
732 1172 898 1252 possunt,
922 1158 1142 1252 quantumvis
1166 1159 1342 1253 ingenium

214 1296 313 1344 suum
336 1274 456 1343 misere
472 1287 667 1368 torqueant.
682 1276 767 1342 Nam
781 1287 874 1364 esto,
889 1275 977 1344 sicut
994 1272 1134 1364 volunt,
1153 1273 1343 1370 principem

215 1403 297 1460 tuuc
322 1402 456 1457 tantum
475 1411 573 1481 posse
591 1387 632 1457 de
651 1386 790 1482 liturgia
810 1387 1006 1475 decernere,
1029 1387 1167 1482 quando
1186 1387 1345 1459 Ecclesiae

211 1503 290 1597 jure
312 1527 375 1571 suo
391 1501 552 1597 liturgico
569 1503 784 1574 abutuntur:
805 1517 841 1572 at
858 1503 1015 1596 quisnam
1035 1502 1201 1596 judicabit
1225 1515 1344 1572 utrum

215 1615 363 1686 adfirerit
393 1641 499 1686 uccne
529 1617 679 1687 abusus?
703 1616 743 1685 Id
766 1615 809 1686 ad
832 1615 941 1687 solum
962 1618 1150 1713 principem
1172 1617 1345 1710 pertinere

216 1731 439 1800 contendunt.
460 1734 535 1800 Hoc
557 1755 639 1800 vero
658 1731 796 1825 posito,
812 1731 884 1824 jam
903 1731 1058 1825 princeps
1079 1731 1226 1826 poterit,
1243 1730 1345 1824 quid·

218 1844 300 1938 quid
318 1843 462 1915 voluerit
482 1860 517 1915 ct
539 1860 705 1942 quantum
733 1843 894 1935 voluerit,
918 1843 961 1914 dc
978 1844 1116 1940 liturgia
1139 1844 1343 1914 decernere:

217 1958 352 2028 debebit
371 1960 607 2030 tantummodo
626 1961 717 2029 hanc
737 1959 918 2030 formulam
942 1961 1145 2054 praemittere
1163 1958 1348 2056 :judicavi

217 2067 381 2169 adfuisse
390 2073 551 2146 abusum.
566 2080 609 2146 Et
618 2076 665 2145 sic
676 2078 734 2170 jus
746 2073 943 2170 liturgicum
962 2075 1214 2146 communitatis
1230 2076 1346 2146 evadit

178 2241 181 2246 -
217 2189 427 2280 illusorium,
444 2208 479 2264 et
497 2195 532 2262 in
548 2194 702 2289 principe
717 2191 791 2263 aliis
804 2193 957 2263 terminis
974 2193 1130 2264 firmatur
1146 2215 1344 2288 supremum

218 2303 301 2382 illud
312 2307 368 2400 jus
385 2307 581 2404 liturgicum
595 2334 615 2378 a
637 2307 817 2378 Boehmero
835 2306 1055 2392 affirmatum.
1072 2307 1176 2378 Unde
1193 2306 1344 2376 Moshei-

218 2420 308 2492 tnius
330 2435 365 2490 et
387 2420 526 2492 Plaffius
548 2422 689 2492 minime
707 2422 817 2492 vitant
838 2419 929 2492 illam
951 2422 1225 2517 casare-papiam
1241 2445 1345 2514 quam

98 2541 103 2550 '
218 2535 400 2605 Boelrmero
418 2550 487 2605 tam
504 2537 624 2606 acerbe
641 2536 861 2632 exprobrant.
886 2538 960 2608 Nec
978 2536 1111 2606 dicatur
1124 2555 1192 2605 non
1212 2559 1345 2630 possea

219 2650 374 2744 principe
395 2650 540 2720 abusum
564 2651 746 2738 declarari,
762 2652 861 2746 juxta
882 2666 1026 2746 systema
1044 2650 1259 2740 Mosheimii,
1279 2651 1345 2720 nisi

219 2762 360 2856 quando
385 2765 568 2860 attingitur
594 2765 787 2862 reipublice
815 2765 1062 2862 tranquillitas;
1094 2764 1202 2838 multa
1229 2779 1344 2836 autern

219 2901 291 2948 osse
312 2879 347 2947 in
368 2876 505 2976 liturgia
523 2881 634 2974 quoad
658 2879 829 2977 publicam
847 2877 1100 2975 tranquillatem
1117 2879 1345 2951 indifferentia

219 3017 279 3064 seu
302 2995 497 3090 adiaphora.
523 2995 563 3064 Id
583 2997 672 3066 enim
690 2995 812 3067 falsum
832 3012 904 3080 est3
925 3010 959 3066 et
977 2995 1005 3065 si
1023 2996 1111 3067 bene
1129 3019 1182 3064 res
1199 3019 1344 3090 perpen-

220 3108 341 3200 datur,
375 3110 546 3181 ridebitur
577 3111 705 3181 nullam
737 3135 809 3182 esse
839 3110 1032 3206 liturgicam
1064 3111 1217 3205 praxim,
1241 3131 1345 3205 quam

220 3219 378 3317 princeps
391 3247 460 3290 non
473 3223 579 3316 possit
593 3222 721 3320 lingere
737 3223 974 3318 tranquillitati
988 3221 1133 3320 publica
1143 3245 1345 3293 connexam.

221 3339 401 3408 sumamus
422 3338 604 3431 ipsummet
621 3338 817 3430 Mosheimii
840 3336 1052 3434 exemplum,
1073 3340 1204 3432 praxim
1223 3362 1346 3434 nempe

220 3450 289 3521 duo
308 3450 488 3523 luminaria
503 3455 736 3551 potiusquam
753 3455 816 3524 tria
832 3469 893 3524 aut
906 3453 1001 3524 nulla
1019 3453 1236 3525 accendendi.
1248 3458 1347 3526 Pote-

220 3580 303 3648 ruut
328 3593 370 3636 cx
398 3567 539 3664 collegio
560 3567 710 3640 fidelium
733 3567 891 3639 nonnulli
911 3583 1076 3638 mutatam
1104 3565 1190 3638 velle
1214 3569 1347 3662 praxim

221 3678 332 3765 illam3
346 3683 473 3775 poterit
485 3683 631 3779 proinde
646 3684 757 3754 enasci
776 3682 819 3754 do
830 3683 887 3754 illa
904 3684 1000 3778 praxi
1019 3681 1132 3778 aliqua
1150 3681 1346 3770 altercati03

221 3811 257 3866 et
283 3794 361 3866 licet
388 3797 477 3868 facta
502 3796 651 3892 generali
673 3797 827 3868 omnium
856 3795 1123 3887 deliberatione,
1140 3794 1250 3889 major
1266 3819 1346 3890 pars

221 3912 474 3982 communitatis
490 3927 610 3984 votum
621 3937 683 4007 pro
698 3913 832 3983 duobus
846 3913 1070 3984 luminaribus
1086 3913 1243 4000 emittat3
1259 3912 1347 3980 acci·

222 4025 301 4098 dere
316 4041 430 4123 potest
448 4042 487 4098 nt
507 4027 691 4098 renitentes
709 4027 830 4098 malint
848 4054 919 4098 sese
937 4053 957 4098 a
982 4025 1125 4121 collegio
1143 4050 1299 4120 separare
1312 4041 1347 4096 et

223 4163 348 4210 noram
385 4140 558 4212 ecclesiam
592 4167 671 4215 cum
698 4168 789 4214 nova
818 4144 913 4239 praxi
944 4142 1101 4237 liturgica
1132 4141 1347 4212 constituere.

222 4255 329 4325 Porro
351 4254 546 4348 hujusmodi
565 4255 798 4330 altercationes
817 4273 851 4328 at
868 4259 1045 4330 scissiones
1066 4254 1347 4351 tranquillitatem

222 4368 417 4468 reipublicae
440 4385 606 4470 tangunt;
635 4375 761 4470 poterit
784 4399 865 4470 ergo
886 4375 1067 4470 princeps,
1089 4373 1133 4444 ad
1161 4371 1347 4446 tollendam
