3018 5070
211 288 259 374 al
673 313 878 362 rnxosxrus

210 437 340 510 rituum
362 435 597 531 baptismatis,
624 437 715 510 aliud
746 439 910 534 effugium
937 441 1201 536 excogitassent3
1230 444 1342 514 confi·

211 567 322 626 tentes
341 576 461 647 nempe
488 552 669 649 parvulum
698 578 815 625 recens
841 568 959 624 natum
983 556 1017 626 iu
1040 573 1180 651 peccato
1202 559 1342 653 quidem

211 693 300 757 esse,
314 668 372 738 sed
389 668 423 738 in
441 683 579 764 peceato
605 669 698 765 quod
724 671 815 765 ipse,
828 671 1053 764 ¹quantumvis
1073 672 1251 768 parvulus,
1270 676 1343 768 jam

213 784 248 854 in
260 785 349 854 hanc
361 784 466 854 vitam
486 785 656 880 ingressus
671 785 879 855 commiserit
896 811 905 855 ε
925 782 1070 856 Falsum
1085 788 1192 886 igitur
1202 789 1265 860 vel
1261 787 1302 884 si
1314 789 1345 860 l·

213 900 330 972 lucem
347 897 445 970 tradi
456 899 616 996 paruulis
634 899 1046 997 baptismatisformum,
1059 903 1097 972 iu
1112 925 1184 1000 qun
1199 921 1343 976 sonaret

214 1028 322 1112 utque
336 1016 402 1113 agi
411 1012 601 1104 uideretur,
623 1030 658 1086 et
672 1031 792 1086 tamen
806 1013 906 1084 nulla
917 1016 1028 1106 fieret
1045 1018 1205 1088 remissio
1212 1043 1344 1115 peccu-

215 1145 330 1201 torum
346 1181 356 1218 ,
374 1127 541 1200 uiderunt
562 1128 677 1228 aliqui
698 1154 819 1200 eorum
840 1129 934 1200 nilu'l
945 1129 1200 1204 exsecrabilius
1219 1159 1264 1204 ac
1285 1132 1345 1206 de·

217 1243 415 1316 testabilius
430 1243 618 1343 dicipussc
631 1260 739 1342 utque
754 1248 931 1318 seruat...
951 1250 1032 1318 Nou
1045 1262 1166 1320 tumen
1185 1251 1343 1348 origirm·

217 1362 311 1450 liter,
341 1362 525 1458 inquiunt,
550 1358 618 1431 sed
640 1363 680 1432 iu
707 1361 785 1432 uita
802 1360 887 1457 jam
906 1363 1078 1459 papiria,
1097 1363 1344 1463 postiuquam

217 1479 298 1548 riuti
305 1493 392 1548 suut
399 1492 589 1573 peccatum
607 1475 740 1548 habere
757 1494 943 1574 coeperuut.
964 1479 1032 1573 (De
1045 1495 1260 1573 peccatorum
1274 1507 1346 1550 me·

218 1595 311 1683 ritis,
332 1592 355 1664 l.
378 1618 408 1682 1,
423 1618 453 1666 c.
475 1591 541 1684 343
562 1593 642 1662 edit.
663 1595 794 1688 Migne‚
815 1609 841 1666 t.
858 1599 908 1681 X,
931 1621 963 1690 p.
987 1593 1079 1692 146.)

266 1710 361 1784 Idem
382 1710 526 1782 recurrit
543 1711 650 1780 sancti
666 1709 815 1782 doctoris
832 1711 1047 1782 ratiocinium
1066 1710 1100 1780 in
1119 1709 1206 1780 libro
1223 1709 1246 1780 6
1265 1735 1347 1780 con·

220 1841 273 1896 tra
286 1829 305 1894 J
308 1824 474 1915 ulianam,
494 1826 605 1920 capite
620 1824 667 1898 5‘:
684 1849 765 1922 quae
778 1825 940 1922 (Ecclesia
955 1824 1135 1919 catholica)
1146 1825 1241 1910 filios
1248 1822 1346 1918 fide·

219 1937 309 2012 lium
326 1965 393 2010 uec
412 1941 642 2026 exorcizaret,
662 1965 727 2011 uec
748 1939 975 2035 exsufflaret,
995 1942 1032 2010 si
1041 1967 1122 2012 uon
1147 1966 1207 2012 eos
1224 1938 1268 2010 de
1278 1965 1347 2036 po·

221 2069 349 2126 testate
375 2052 598 2126 tenebrarum
624 2070 659 2126 et
683 2081 707 2125 a
726 2057 890 2151 principe
912 2058 1037 2126 nrortis
1057 2072 1190 2127 erueret
1193 2109 1252 2130 .....
1279 2055 1351 2128 Sed

221 2169 263 2256 id
275 2186 313 2241 tu
338 2195 614 2242 commemorare
636 2173 799 2258 timuisti,
827 2186 1001 2268 tunquam
1019 2173 1094 2267 ipse
1111 2169 1158 2240 ab
1177 2170 1258 2242 orire
1276 2185 1348 2240 toto

220 2285 472 2382 exsufflandus
493 2313 609 2377 esses,
638 2289 674 2358 si
698 2287 781 2358 leuic
804 2286 1066 2382 exsufflationi,
1097 2313 1170 2386 qua
1181 2290 1350 2384 princeps

220 2401 347 2474 iurandi
357 2418 391 2473 et
404 2427 427 2470 α
438 2403 600 2500 paruulis
618 2402 758 2499 ejicitur
763 2402 891 2498 sorus,
904 2401 1143 2474 contradicere
1160 2402 1346 2474 wluisses.

219 2512 349 2605 (Editio
371 2517 500 2612 Migne,
523 2531 549 2587 t.
568 2519 614 2602 X,
632 2541 665 2610 p.
686 2514 788 2612 829.)

270 2633 321 2702 Ex
341 2631 394 2701 bis
412 2656 514 2725 porro
532 2631 716 2727 Augustini
741 2630 886 2700 textibus
908 2644 1002 2725 patet
1016 2630 1084 2724 ipsi
1104 2630 1245 2700 omnino
1270 2654 1348 2724 per·

223 2771 360 2818 suasum
390 2747 492 2818 fuisse
519 2746 610 2841 quod
633 2771 736 2844 supra
763 2746 1005 2832 sustinuimus3
1031 2771 1176 2840 nempe:
1198 2744 1232 2816 1⁰
1253 2743 1349 2814 litur-

220 2862 313 2959 giam
342 2885 412 2932 esse
436 2861 616 2957 quamdam
645 2861 845 2956 dogmatum
875 2876 909 2930 et
936 2861 1012 2932 fidei
1041 2860 1288 2955 expressionem
1315 2875 1350 2930 et

222 2976 395 3071 publicam
421 2974 683 3070 professionem
713 2974 753 3046 2⁰
773 2975 865 3046 nefas
892 3000 964 3044 esse
996 2975 1030 3042 in
1061 2973 1203 3044 dubium
1229 2997 1350 3044 vocure

225 3091 413 3162 doctrinam
433 3116 535 3185 quam
553 3093 711 3188 exprimit
730 3090 868 3186 liturgia
888 3088 1127 3168 universaliter
1145 3091 1180 3159 in
1202 3088 1351 3160 Ecclesia

224 3206 392 3280 catholica
425 3211 558 3304 vigens3
586 3206 625 3278 3⁰
644 3233 686 3278 ex
708 3207 844 3301 liturgia
872 3206 1013 3301 proinde
1032 3205 1242 3300 hujusmodi,
1261 3219 1351 3276 recte

225 3338 261 3394 et
285 3325 436 3421 rigorose
461 3323 620 3395 concludi
645 3324 822 3394 veritatem
848 3322 1014 3418 ‹logrnatis
1039 3323 1072 3390 in
1097 3347 1135 3390 ea
1157 3322 1316 3416 expressi.

274 3443 324 3512 ΙΙ.
352 3439 515 3511 Eamdem
536 3453 669 3514 constat
696 3438 797 3510 fuisse
817 3438 1017 3534 Hieronymi
1043 3451 1204 3507 merrtem.
1230 3440 1267 3506 ln
1289 3460 1352 3508 suo

227 3555 318 3624 enim
345 3568 464 3625 contra
488 3553 720 3624 Luciferianos
745 3552 890 3650 dialogo,
908 3555 1018 3648 capita
1044 3556 1080 3638 Δ,
1107 3553 1149 3622 ad
1181 3551 1351 3646 liturgiam

228 3685 392 3764 tanquam
417 3669 461 3740 ad
491 3670 669 3742 decisivam
702 3671 934 3765 probationem
957 3666 1132 3764 appellat:
1152 3673 1211 3738 Au
1237 3668 1355 3736 nescis

226 3787 335 3858 etiam
354 3784 583 3856 ecclesiarum
603 3785 698 3856 laune
715 3809 950 3873 cereniorem,
963 3798 1002 3852 ut
1020 3781 1212 3879 baptizatis
1225 3796 1353 3878 posteu

226 3924 356 3972 mauris
385 3903 634 3998 imponantur,
655 3915 690 3970 et
723 3901 775 3970 itu
800 3901 977 3970 invocetur
1002 3900 1156 3994 Spiritus
1180 3897 1354 3968 sanctus?

227 4017 356 4117 Exigis
382 4015 442 4087 ubi
468 4018 638 4112 scriptum
657 4016 731 4088 sit?
748 4020 792 4086 lu
807 4021 907 4086 Actis
924 4014 1166 4111 apostulorum
1183 4041 1194 4084 .·
1212 4013 1356 4086 etiamsi

228 4133 416 4230 Scriptura
439 4133 635 4202 auctoritas
659 4157 730 4208 nou
757 4131 934 4217 subesset,
959 4132 1066 4202 totius
1086 4129 1184 4202 orbis
1215 4132 1254 4200 in
1285 4127 1355 4198 leuc

221 4263 331 4344 parte
352 4269 543 4318 cousensus
563 4248 680 4319 instar
694 4249 864 4348 precepti
882 4246 1027 4318 obu‘rret.

278 4369 342 4436 ΙΙΙ.
368 4363 491 4434 Fabius
517 4364 648 4436 Marius
677 4365 890 4452 Victorinus,
908 4364 1021 4459 quarti
1051 4358 1162 4432 saculi
1184 4361 1355 4434 africanus
