2934 5074
245 365 312 438 156
697 385 902 434 raacraras

243 547 261 585 a
277 533 360 588 tates
379 520 442 588 sibi
461 517 590 588 oblatas
610 515 799 608 resolvant,
815 543 854 586 ac
873 516 1048 604 decidant,
1069 516 1180 587 adhuc
1200 521 1365 613 posterio-

246 660 263 702 (ι
281 634 374 702 ribus
385 633 592 727 temporibus
603 632 748 700 rationes
757 631 961 700 efficaciores
969 631 1091 700 eisdem
1102 655 1281 703 uectarrere
1292 659 1366 729 pos·

244 777 263 813 a
279 764 382 836 sant,
403 773 477 842 quae
495 747 570 817 illos
594 762 748 818 moveant
766 747 808 817 ad
828 745 1095 815 concludendum
1114 750 1363 843 oppositum...

246 893 264 928 a
280 865 315 934 Si
333 879 442 933 tamen
461 889 579 934 verum
599 865 693 932 fateri
723 864 881 932 debemus
898 887 1092 950 ,sacrarum
1117 865 1367 960 Congrega'tio-

244 1009 266 1046 a
280 1005 362 1048 num
377 980 609 1073 responsiones
628 979 884 1074 qtrantplurimae
899 1003 919 1048 c
933 979 1099 1048 diametro
1114 983 1291 1050 contrariae
1305 983 1369 1050 cir-

248 1123 266 1157 «
281 1079 537 1181 catrnfernntur,
561 1119 635 1188 qnae
663 1109 774 1162 tamen
800 1095 1003 1163 authenticae
1024 1095 1162 1162 minime
1191 1109 1290 1180 sunt,
1311 1096 1369 1164 sed

246 1211 549 1304 «apocrypl1ae3et
571 1211 596 1280 si
626 1235 700 1303 quae
724 1235 891 1305 germanae
912 1224 1011 1298 sunt,
1029 1211 1205 1279 contrariae
1222 1235 1371 1306 persaepe

244 1353 263 1390 a
278 1339 456 1419 apparent,
473 1326 552 1418 quia
565 1325 750 1394 secundum
763 1325 942 1394 verborum
955 1328 1113 1394 corticem
1133 1326 1371 1396 tantummodo

250 1469 267 1504 a
285 1439 522 1534 inspiciuntur.
556 1440 607 1510 Ad
642 1442 728 1510 hanc
757 1441 1030 1510 contrarietatem
1064 1439 1244 1510 tollendam
1275 1442 1372 1534 juvat

249 1583 268 1621 a
285 1557 532 1652 quammaxime
561 1558 757 1652 petitionem
791 1581 848 1625 seu
879 1556 1158 1652 supplicationem
1187 1557 1372 1626 exhibitam

249 1701 267 1736 a
284 1687 399 1742 exacte
413 1673 649 1742 examinare...
671 1677 736 1742 Per
751 1673 822 1740 haec
838 1686 949 1741 tamen
965 1697 1026 1740 nos
1040 1672 1088 1740 ire
1103 1671 1232 1741 inficias
1247 1697 1374 1766 nequa·

249 1817 268 1852 a
286 1813 387 1881 quam
417 1787 640 1875 intendimus,
666 1787 832 1856 nonnulla
854 1787 926 1856 dari
950 1789 1014 1858 sibi
1039 1787 1184 1856 invicem
1203 1791 1373 1858 contraria

212 1931 215 1936 ·
254 1933 267 1968 a
289 1928 390 1972 sacrae
408 1905 691 1998 Congregationis
717 1929 890 1999 responsa.
911 1907 1038 2000 Utique
1054 1904 1197 1992 dantur3
1217 1905 1274 1974 sed
1299 1929 1375 1999 per·

253 2045 392 2114 «panca
415 2019 598 2088 admodum
612 2037 709 2108 sunt3
735 2034 769 2089 ct
785 2045 859 2114 quae
875 2019 1011 2107 dantur,
1030 2019 1138 2089 valida
1157 2021 1275 2114 ntique
1294 2021 1376 2090 fun·

254 2163 272 2200 a
289 2135 446 2204 damenta
466 2134 626 2203 habenta
649 2133 857 2230 (Caralim,
876 2150 956 2204 tom.
988 2137 1024 2226 1,
1048 2159 1121 2229 pag.
1153 2159 1236 2231 172,
1255 2135 1297 2202 n⁰
1323 2135 1374 2222 13,

250 2250 331 2320 edit.
351 2254 484 2338 Venet,
508 2246 631 2346 1758).

302 2365 495 2453 Scholium.
510 2407 559 2420 ·-
577 2371 625 2436 Ex
653 2366 751 2436 dictis
777 2366 874 2436 facile
901 2365 1057 2436 concludi
1080 2383 1213 2464 potest,
1249 2395 1375 2442 sacram

253 2484 380 2550 rituum
397 2483 702 2577 Congregationem
719 2483 754 2550 in
780 2482 1050 2569 determinando,
1064 2485 1265 2556 declarando
1277 2503 1375 2580 atquc

253 2595 441 2666 evolvendo
461 2597 538 2689 jure
558 2595 738 2690 liturgiae,
763 2599 950 2692 praecipuas
969 2615 1080 2693 partes
1099 2602 1264 2673 obtinere.
1293 2607 1374 2676 Nam

256 2709 387 2781 etiamsi
413 2735 481 2780 non
507 2709 708 2780 admittatur
735 2727 882 2782 atcerte
911 2728 1026 2784 nostra
1048 2716 1146 2784 tertia
1166 2718 1375 2811 propositio,

255 2823 387 2893 decreta
402 2849 522 2919 nempe
532 2824 748 2919 particularia
763 2851 823 2920 pro
836 2853 952 2896 norma
965 2828 1225 2898 universaliesse
1236 2831 1376 2900 tenenda

254 2939 290 3006 in
305 2937 470 3007 similib'ns
483 2939 634 3028 casibus,
650 2965 766 3008 verum
780 2939 897 3010 saltem
916 2957 1067 3012 remanet
1083 2969 1144 3038 pro
1158 2942 1292 3039 legibus
1309 2945 1377 3014 uni·

256 3053 442 3123 cerealibus
460 3054 613 3124 habenda
627 3081 696 3124 esse
712 3055 847 3126 decreta
863 3058 1029 3150 generalia
1040 3085 1049 3144 3
1062 3073 1096 3127 et
1108 3060 1251 3153 insuper
1266 3085 1375 3129 verum

255 3168 359 3236 etiam
373 3183 523 3236 remanet
536 3169 667 3238 decreta
684 3171 898 3265 particularia
914 3174 980 3241 vim
999 3173 1122 3268 regulae
1135 3173 1263 3244 habere
1273 3175 1376 3270 quoad

255 3281 473 3376 particulares
493 3282 648 3354 ecclesias
665 3299 698 3353 et
710 3310 806 3354 casas
820 3313 884 3382 pro
900 3289 1023 3382 quibus
1038 3290 1197 3358 eduntur.
1212 3293 1290 3359 dam
1303 3315 1376 3361 vero

258 3398 324 3466 hoc
343 3396 470 3492 duplici
490 3398 589 3469 modo
610 3414 678 3468 tam
698 3398 803 3470 multa
819 3403 988 3472 ordinavit
1003 3421 1103 3498 atque
1120 3407 1288 3474 servanda
1307 3428 1379 3500 prae·

259 3515 349 3606 cepit
365 3513 453 3582 dicta
469 3517 717 3610 Congregatio,
733 3531 771 3586 ut
781 3517 854 3610 jam
866 3519 906 3586 ad
922 3533 1000 3588 octo
1014 3519 1188 3588 volumina
1201 3520 1378 3590 excreverit

259 3652 376 3696 earnm
393 3627 602 3698 decisionum
621 3630 792 3731 collectio,
810 3657 873 3702 neo
891 3632 1000 3702 ullum
1019 3635 1089 3702 fere
1101 3637 1303 3704 remanserit
1318 3658 1379 3704 rna·

258 3742 344 3836 joris
364 3745 526 3812 momenti
546 3744 706 3833 dubium,
729 3747 820 3841 qnod
850 3773 918 3816 non
939 3750 1127 3843 reperiatur
1150 3751 1219 3843 jam
1250 3751 1293 3820 ab
1323 3751 1378 3818 hoc

263 3860 423 3931 tribunali
439 3860 596 3933 solutum.
615 3865 704 3934 Hinc
715 3865 802 3957 juris
814 3865 961 3960 liturgici
975 3867 1133 3938 studiosis
1145 3921 1154 3951 ‚
1167 3891 1238 3936 aron
1253 3881 1379 3936 tantam
1457 3889 1458 3948 ξ

262 3976 523 4046 constitutiones
541 3979 745 4074 pontificiae,
769 3996 803 4050 et
829 4007 945 4051 eorum
972 3983 1131 4052 mandata
1151 4007 1212 4078 per
1235 3983 1380 4052 rubricas
1457 3961 1458 3980 ἶ

263 4089 298 4157 in
319 4087 413 4158 libris
429 4089 592 4186 liturgicis
611 4119 785 4190 expressa,
804 4097 861 4166 sed
880 4099 979 4168 etiam
1002 4098 1196 4168 authentica
1211 4097 1380 4166 resolutio·

263 4229 344 4274 num
361 4229 462 4275 sacrae
472 4211 749 4305 Congrcgationis
761 4211 928 4304 collectio,
945 4239 1019 4308 qnae
1033 4213 1285 4286 Gardelliniana
1299 4212 1379 4281 dici·

264 4333 340 4406 tur,
360 4337 523 4416 perpetuo
545 4326 700 4397 manibus
718 4329 893 4400 versanda.

314 4435 563 4508 Advertendum
585 4455 697 4510 tamen
720 4444 890 4540 praefatam
909 4447 1212 4543 Congregatiouem
1231 4444 1293 4514 dici
1313 4465 1379 4510 non
