3004 5070
487 388 534 434 nr.
558 388 647 436 suns
671 388 875 437 tiruncrco.
1137 434 1140 442 .
1174 368 1247 444 313

123 544 140 580 a
158 538 247 584 mor.
264 528 347 585 tom.
360 517 416 603 ΙΙ,
436 527 533 586 tract.
552 540 593 612 9,
608 515 733 612 disput.
758 539 786 606 r,
801 531 888 612 part.
908 541 941 603 r,
956 529 1075 614 puuct.⁴
1094 545 1136 604 a,
1156 546 1191 592 n.
1206 519 1244 591 6.

121 659 138 694 α
156 633 399 700 -Azonlnst
413 655 499 700 mor.
517 647 604 725 part.
621 655 663 720 ιι,
673 630 694 702 Ι.
707 647 744 721 t,
766 657 842 728 cap.
864 632 924 722 26,
940 648 1057 728 quaest.
1078 659 1092 706 1
1110 651 1144 706 et
1163 662 1249 706 2.-

122 775 139 809 «
157 746 280 832 Diana,
295 746 329 814 in
344 745 426 816 edit.
443 746 577 836 coord.,
591 762 674 818 torn.
689 752 752 834 ΙΙΙ,
767 763 865 820 tract.
883 747 917 837 3,
932 750 1030 842 resoi.
1045 749 1104 847 89,
1117 777 1151 822 n.
1168 748 1217 846 o).
1232 781 1251 818 s

170 889 188 924 a
204 865 257 930 An
276 876 389 932 autem
414 863 477 957 (ait
500 862 687 951 Covelieri‚
712 878 793 934 tom.
818 867 869 952 tl,
895 889 973 960 pag.
1000 865 1057 954 13,
1082 865 1163 936 edit.
1183 869 1250 936 Ve-

123 989 226 1045 nnet.
260 973 365 1071 1758)
391 988 429 1046 ut
449 977 638 1070 Episcopus
665 975 750 1048 festa
772 978 888 1072 aliqua
912 977 1060 1074 legitime
1086 981 1248 1065 invehat,
1344 981 1346 986 ’

123 1079 139 1154 ἀ
158 1115 289 1160 necesse
318 1091 362 1160 sit
384 1091 586 1163 interveniat
608 1116 791 1164 cousensus
812 1090 930 1188 popuii
949 1107 983 1162 et
1002 1089 1111 1164 cieri?
1130 1097 1251 1184 Quaes·

122 1237 138 1271 a
158 1208 206 1278 tio
222 1207 294 1276 haec
315 1222 368 1278 cst
384 1208 439 1278 cui
461 1207 641 1303 respondet
661 1209 850 1280 communis
869 1208 1048 1280 doctorum
1067 1210 1198 1305 opinio,
1214 1210 1249 1279 ri

122 1353 139 1387 a
154 1325 242 1418 juris
264 1323 404 1418 requiri.
438 1326 526 1396 Nam
550 1348 680 1394 cainone
707 1324 1013 1397 Pmnuntiundum
1035 1325 1159 1395 diserte
1186 1326 1250 1396 tn·

122 1467 138 1502 e
157 1437 279 1508 betru:
297 1440 521 1510 Fesautates
535 1463 627 1535 quus
639 1439 773 1537 singuli
787 1442 957 1538 Episcopi
972 1443 1011 1510 in
1027 1445 1103 1512 stu's
1120 1442 1253 1538 episco-

122 1553 299 1650 «putt'bus
323 1579 404 1624 cum
429 1554 560 1651 populo
586 1554 871 1629 collaudaverint.
895 1556 1111 1628 collaudatio
1135 1573 1249 1628 nutem

120 1697 136 1732 a
156 1669 295 1740 denotat
316 1692 516 1740 consensum
532 1684 568 1740 et
585 1670 877 1764 approbationem.
900 1673 944 1740 Et
962 1672 1073 1766 capite
1096 1674 1251 1767 Conque-

120 1813 137 1848 «
156 1797 233 1854 stus
250 1785 418 1854 habetur:
439 1789 539 1876 Quas
561 1783 693 1883 singrdi
713 1787 879 1882 Episcopi
899 1787 938 1856 in
952 1788 1029 1857 suis
1043 1784 1262 1858 educendus·

120 1924 236 1990 acum
263 1899 354 1970 clero
378 1915 412 1970 et
432 1899 570 1997 populo
594 1898 759 1970 docerem
782 1899 984 1972 solctrrm'ter
1006 1899 1246 1974 celebutndus.

121 2043 138 2078 «
157 2014 222 2084 Ubi
241 2013 406 2109 particula
432 2013 624 2109 copulativa
651 2029 686 2086 et
707 2030 774 2085 tum
795 2013 914 2110 populi
932 2039 1034 2109 quam
1060 2014 1141 2086 cleri
1163 2041 1249 2087 cou-

121 2158 140 2192 ιι
157 2153 294 2200 sensum
312 2129 475 2226 exposcit.
512 2187 515 2192 .

170 2247 294 2314 «Sunt
321 2260 434 2316 tamen
462 2245 522 2338 qui
545 2269 750 2316 consensum
774 2242 855 2314 cleri
875 2260 910 2314 et
928 2242 1046 2339 populi
1065 2243 1167 2315 modo
1188 2269 1249 2316 ue·

119 2387 136 2424 «
153 2360 335 2434 cessarium
352 2359 491 2429 minime
515 2375 648 2454 putant,
669 2385 710 2430 eo
734 2360 826 2453 quod
848 2359 1099 2445 Tridentium,
1118 2361 1152 2428 in
1169 2358 1250 2430 alle·

121 2500 138 2538 e
159 2475 246 2568 gatis
259 2474 385 2566 verbis,
402 2473 478 2546 dies
492 2473 708 2569 ettomfesti,
726 2499 813 2572 quos
827 2475 863 2548 in
877 2472 1020 2546 cdaecesi
1029 2499 1097 2546 sua
1109 2497 1250 2546 seruan-

121 2618 139 2654 «
156 2587 221 2660 das
234 2590 655 2686 Epucopiproecapcrriu,
674 2588 804 2661 nullam
821 2589 923 2660 babet
938 2590 1146 2662 mentionem
1163 2613 1249 2660 con·

122 2732 139 2768 α
158 2712 273 2776 sensus
284 2702 364 2774 cleri
380 2718 413 2774 et
427 2701 696 2799 populi.Vcrum
714 2704 1008 2776 ibiTridentinum
1019 2705 1107 2776 circa
1122 2704 1247 2775 dictem

120 2851 137 2885 a
155 2821 402 2916 Episcoporum
418 2817 614 2890 facultatem
623 2819 715 2890 baud
727 2845 849 2890 novam
863 2819 961 2917 ponit
974 2820 1247 2916 dispositionem3

121 2964 138 2999 a
157 2949 191 3004 et
206 2934 281 3004 ideo
300 2933 449 3029 ejusdem
469 2949 579 3006 textus
603 2935 779 3028 praeiatum
802 2959 1004 3004 consensum
1032 2917 1246 3028 nequaquam

122 3048 355 3137 «excludit...‚
375 3050 459 3146 quin
477 3048 582 3120 immo
601 3073 642 3118 en
659 3050 691 3118 vi
705 3049 793 3141 juris
806 3047 996 3118 communis
1009 3060 1170 3140 tanquam
1188 3046 1247 3116 de-
1326 3131 1338 3160 ι

121 3193 138 3227 «
159 3164 267 3234 bitum
277 3165 481 3259 supponit...
494 3167 662 3234 Censetur
678 3176 791 3232 autem
808 3159 917 3230 cierus
932 3159 1147 3256 populusque
1163 3186 1249 3232 con·

122 3309 139 3344 α
157 3281 317 3369 sentiens,
336 3278 474 3372 quando
489 3280 657 3374 Episcopo
675 3289 889 3376 proponente
905 3301 1005 3347 nemo
1027 3277 1245 3360 contradicit,

122 3422 140 3456 α
157 3409 230 3484 aut,
247 3394 558 3466 contradicentibus
576 3393 762 3488 aliquibus,
781 3393 889 3485 major
908 3415 984 3485 pars
1001 3393 1181 3461 consentit.

171 3515 317 3582 «Potest
335 3528 445 3584 tamen
463 3512 651 3607 Episcopus
663 3508 755 3580 solus
771 3509 868 3594 festa,
886 3533 965 3578 cum
981 3532 1147 3578 consensu
1165 3505 1247 3578 cleri

121 3640 190 3695 eet
209 3624 325 3721 populi
341 3625 486 3715 indicta,
508 3623 648 3713 tollere3
672 3625 752 3718 quia
776 3624 849 3717 ejus
867 3635 1014 3718 potestas
1040 3620 1155 3714 quood
1182 3620 1249 3690 boc

120 3775 138 3812 α
157 3747 253 3816 nulio
266 3759 317 3816 est
330 3746 408 3839 jure
426 3746 586 3834 limitata3
603 3759 638 3816 et
659 3742 798 3814 aliunde
813 3768 875 3838 par
898 3767 965 3812 non
985 3755 1046 3811 est·
1059 3741 1146 3811 ratio
1168 3740 1246 3810 festi

120 3893 137 3929 α
158 3862 356 3933 instituendi
367 3877 402 3932 et
409 3859 620 3954 abrogandi:
635 3860 670 3928 in
686 3861 797 3954 primo
810 3857 975 3953 siquidem
990 3881 1068 3926 casu
1087 3869 1253 3952 gravatur·

120 4005 137 4040 α
157 3976 319 4072 pop'ulus,
329 3991 365 4046 et
376 3975 452 4046 ideo
462 3974 551 4045 forte
560 3975 745 4068 requiritur
754 3975 829 4068 ejus
843 3995 1045 4059 consensus3
1057 3969 1249 4055 insecundo

119 4121 136 4156 n
155 4108 268 4162 autem
289 4092 414 4162 nedum
441 4103 614 4186 gravatur,
632 4105 670 4160 ut
687 4090 790 4159 etiam
810 4088 853 4157 ab
877 4111 980 4156 onere
1000 4084 1246 4156 sublevetur.»

157 4206 263 4296 ¹Quid
287 4221 400 4276 autem
424 4205 569 4276 eraserit
595 4203 791 4300 praedictunr
814 4204 870 4297 jus
892 4203 1138 4298 Episoeporum
1157 4201 1248 4271 circa

119 4321 203 4393 testa
222 4320 264 4390 de
289 4333 475 4416 precepto,
506 4333 584 4414 post
601 4318 726 4390 editam
739 4319 871 4390 Urbani
888 4316 1136 4407 vultuum,
1155 4338 1249 4386 nunc

96 4475 99 4480 ·
120 4451 172 4509 est
193 4435 375 4532 diligenter
390 4434 643 4531 inquirendum.
