3018 5070
509 351 556 397 DE
579 351 666 399 tumr
690 353 895 402 ntrunuttto.
1241 354 1265 426 9

188 479 338 573 Objicies
357 504 425 547 ε-
443 481 485 546 In
509 478 631 548 tradita
653 477 797 574 liturgiae
815 477 1011 550 definitione
1024 502 1093 547 non
1106 501 1264 572 compre·

122 592 568 687 *hendunturlegesquibus
585 596 656 687 ipsa
666 593 805 688 liturgia
816 594 1062 663 determinatur
1077 607 1112 661 et
1124 593 1264 687 regitur,

135 707 252 801 quales
273 723 354 777 sunt
370 707 514 777 rubricae
531 706 664 802 aliaque
672 709 804 778 decreta
820 708 935 802 3atqui
950 707 1113 777 deberent
1127 708 1267 776 inrecta¹

135 821 336 892 definitione
348 822 600 917 comprehendi,
616 847 695 892 cum
710 822 789 891 libri
815 822 938 917 quibus
960 821 1156 917 hujusmodi
1174 820 1263 917 leges

135 939 372 1025 continentur,
397 938 554 1008 dicantur
578 937 754 1036 liturgica}
780 963 863 1032 ergo
882 937 1005 1008 tradita
1023 936 1177 1006 definitio
1198 935 1262 1005 toti

134 1053 184 1122 rei
201 1052 401 1122 definiendae
420 1079 490 1123 non
509 1055 679 1124 convenit.
693 1093 743 1108 -
757 1052 970 1148 Respondeo,
999 1050 1087 1146 leges
1109 1064 1143 1119 et
1156 1048 1262 1120 libros

133 1166 331 1258 hujusmodi
349 1169 464 1238 vocari
483 1166 677 1266 liturgicus,
701 1193 771 1236 non
787 1166 879 1261 quod
894 1167 962 1236 sint
976 1179 1087 1260 partes
1105 1162 1262 1258 liturgiae,

134 1280 192 1349 sed
207 1281 287 1375 quia
302 1281 344 1349 de
358 1280 496 1376 liturgia
515 1282 701 1374 decernunt
713 1281 764 1352 vel
778 1295 936 1352 tractant.
958 1278 1061 1349 Aliud
1078 1292 1192 1347 autem
1210 1291 1262 1346 est

79 1487 82 1496 Δ
133 1418 188 1464 res
207 1395 250 1464 de
269 1420 338 1490 qua
360 1410 527 1466 tractatur
542 1396 594 1466 vel
610 1397 816 1484 decernitur,
837 1411 872 1464 et
896 1393 989 1464 aliud
1011 1393 1185 1462 decretum
1207 1389 1260 1460 vel

134 1524 311 1581 tractatus.
329 1514 416 1580 Sunt
435 1527 468 1581 et
487 1511 576 1606 leges
592 1537 667 1606 qnae
688 1513 798 1581 varios
816 1524 1011 1600 contractus
1024 1506 1165 1578 ineundi
1188 1531 1259 1576 rno-

134 1622 213 1692 dum
225 1624 424 1720 regulautet
434 1626 623 1696 decernunt
633 1650 641 1696 :
652 1626 729 1720 quis
743 1641 856 1696 autem
873 1621 1175 1714 existimabitleges
1186 1605 1259 1690 illas

124 1761 202 1808 esse
221 1755 434 1828 contractus,
455 1755 489 1810 et
508 1741 543 1810 in
560 1740 757 1810 definitione
765 1754 1008 1810 contractuum
1018 1731 1265 1830 comprehendi

134 1851 255 1922 debere
271 1853 286 1922 i
304 1853 476 1948 Alioquin,
497 1854 590 1924 verbi
604 1855 727 1950 gratia,
746 1854 799 1924 lex
819 1853 927 1923 civilis
947 1878 1023 1946 quae
1043 1851 1194 1922 deceruit
1216 1847 1258 1918 de

133 1967 264 2055 militia,
276 1969 432 2038 habenda
452 1984 539 2039 esset
555 1985 718 2062 tanquam
732 1993 811 2063 pars
821 1967 959 2058 militiae,
974 1983 1009 2037 et
1031 1969 1065 2035 in
1085 1968 1156 2059 ejus
1171 1962 1256 2034 defi-

124 2083 263 2152 nitione
278 2082 494 2153 includenda.
513 2085 614 2154 Unde
622 2083 860 2178 praedictorum
880 2083 1092 2153 decretorum
1102 2095 1134 2148 et
1144 2079 1256 2148 rubri·

132 2220 249 2266 carum
263 2197 419 2292 cognitio
430 2198 617 2268 necessaria
636 2197 775 2290 quidem
785 2196 927 2265 omnino
937 2209 986 2264 est
1000 2193 1044 2263 ad
1062 2194 1260 2284 dignoscen-

131 2308 533 2406 dumquaenamliturgiae·
548 2313 618 2380 sint
639 2310 817 2405 legitimae3
828 2326 863 2379 at
870 2311 1009 2378 minime
1022 2320 1102 2376 sunt
1114 2308 1257 2401 ipsamet

131 2420 267 2520 liturgia
288 2440 349 2495 aut
363 2451 442 2520 pars
465 2427 586 2520 ipsius.

179 2535 219 2608 5⁰
245 2541 420 2609 Praemissa
430 2539 585 2610 definitio
600 2540 767 2634 generalis
777 2542 898 2630 est,ita
907 2555 948 2610 ut
961 2538 1139 2609 conveniat
1154 2537 1255 2605 etiam

19 2701 20 2726 i
131 2653 369 2724 hereticorum
391 2654 539 2750 liturgiis
551 2670 585 2724 et
601 2680 812 2751 paganorum
832 2655 1072 2726 deliramentis.
1092 2657 1256 2723 Remanet

19 2839 20 2852 ,
132 2791 210 2863 ergo
228 2769 449 2840 determinate
467 2785 502 2840 et
518 2771 551 2840 in
563 2771 674 2864 specie
685 2770 874 2842 definienda
894 2783 1117 2860 vera,sancta,
1132 2782 1167 2838 et
1180 2791 1255 2860 quae

19 2897 20 2900 ’
131 2880 198 2951 sola
216 2880 366 2976 legitima
396 2899 459 2972 est,
482 2885 647 2956 catholica
671 2885 822 2980 liturgia.
854 2885 1000 2957 Videtur
1027 2898 1140 2954 antem
1156 2907 1255 2976 posse

20 3061 21 3088 ,
132 2995 338 3066 definirihoc
356 2999 458 3068 modo
476 3024 484 3067 :
489 2996 617 3092 forma
631 2999 744 3070 cultus
756 3003 898 3072 externi
913 3001 951 3069 in
962 2994 1254 3068 Ecclesiacutko·

20 3139 21 3152 ¹
133 3109 198 3180 lica
220 3112 384 3181 instituti.
409 3113 518 3207 Cujus
539 3113 693 3183 sormulae
723 3093 845 3184 sensus⁰
860 3130 894 3184 et
915 3113 1106 3209 legitimitas
1125 3137 1166 3181 ex
1184 3113 1253 3207 jam

133 3223 286 3294 discussis
303 3226 402 3296 facile
422 3242 566 3321 possunt
585 3229 773 3325 introspici.

574 3473 721 3541 cnrnr
737 3431 807 3541 iv.

133 3707 308 3766 QUOMODO
337 3709 511 3757 murteta
538 3709 743 3757 carnontca
770 3709 910 3757 Panum
935 3709 1093 3775 DlVlNAE,
1119 3707 1252 3756 murm

342 3843 345 3848 ¹
368 3823 639 3872 EGCLESlASTlGAE
661 3825 918 3874 Iusrlrttrtottts
943 3826 1011 3873 Sl'l'.
1183 3786 1185 3791 Ι

175 4021 229 4090 Ad
249 4020 381 4090 cultum
401 4037 638 4111 exter’numac
657 4025 800 4120 proinde
821 4026 865 4094 ad
887 4025 1058 4120 liturgiam
1078 4024 1253 4118 pertinent

131 4149 413 4204 sacramentorum
432 4139 573 4208 materia
591 4153 625 4208 et
641 4138 761 4210 forma.
781 4145 889 4210 Porro
905 4155 998 4210 extra
1011 4163 1147 4209 omnem
1165 4163 1252 4210 con·

133 4249 325 4318 troversiam
350 4265 400 4319 est
418 4269 626 4322 sacramenta
653 4279 722 4324 esse
748 4255 969 4325 institutionis
989 4254 1112 4326 divinae
1136 4252 1251 4346 quoad

131 4363 315 4436 essentialia
332 4367 480 4436 materiae
493 4382 526 4436 et
542 4368 675 4458 sormae3
690 4384 725 4441 et
739 4385 830 4465 patet
842 4395 882 4441 ex
895 4395 937 4441 eo
949 4369 1042 4466 quod
1052 4372 1145 4440 Deus
1160 4365 1259 4440 solus.
