3004 5070
529 399 577 444 ne
599 397 690 445 mna
713 399 921 446 ntruxeico.
1212 379 1284 476 ‘293

159 557 176 591 a
197 527 326 609 teneri;
344 525 584 621 neminemque
596 553 637 595 cx
652 527 827 621 iisquibus
838 551 877 595 ea
893 527 1070 597 exeneendi
1084 543 1122 600 et
1137 531 1285 600 faciendi

158 673 176 706 a
194 667 319 712 munus
330 642 525 737 impositum
543 641 667 725 existit,
682 643 747 710 nisi
767 641 923 711 formulis
937 667 1013 736 qnae
1027 643 1093 712 boe
1112 648 1283 716 Ceremo-

157 785 174 818 α
196 753 278 824 niali
295 755 516 824 continentur
532 755 671 822 serratis
684 753 876 822 satisfacere
897 777 1008 848 posse,
1031 771 1196 849 perpetuo
1215 771 1285 826 sta·

157 898 175 932 a
194 870 320 937 tuimus
337 883 372 937 et
389 867 640 938 ordinamus...
659 867 956 938 Nonobstantibns
981 872 1284 941 constitutionibus

156 1013 174 1046 a
195 996 231 1052 et
244 982 515 1052 ordinationibus
528 981 735 1076 apostolicis,
752 1005 792 1050 ac
805 981 906 1050 etiam
922 983 957 1050 in
970 982 1235 1076 provincialibus
1252 1000 1286 1053 et

156 1127 173 1160 a
193 1095 410 1192 synodalibus
423 1095 575 1166 conciliis
588 1097 722 1167 editis.»

128 1239 135 1252 ·
204 1212 335 1281 Pariter
347 1211 565 1280 Innocentius
576 1215 622 1301 X,
633 1213 668 1279 in
686 1211 778 1282 bulla
788 1214 873 1282 Etsi
888 1209 998 1301 nlius,
1019 1229 1197 1309 postquam
1213 1239 1285 1285 om·

155 1329 256 1396 nibus
283 1328 409 1421 pariter
438 1327 511 1396 sine
532 1330 729 1421 exceptione
745 1341 779 1396 et
797 1327 914 1396 iisdem
939 1328 1010 1397 fere
1028 1331 1182 1400 terminis
1197 1330 1285 1399 obli·

157 1444 327 1538 gatorium
343 1443 424 1512 fecit
440 1441 894 1530 Caeremonialellomanum,
904 1445 1283 1540 prohibensquidquarn

156 1559 190 1626 in
213 1583 254 1626 eo
271 1558 456 1642 immutari,
484 1572 520 1626 ct
554 1555 653 1626 aliam
681 1556 860 1628 formulam
891 1558 1064 1645 adhiberi,
1091 1561 1140 1628 sic
1158 1561 1282 1631 addit:

155 1703 173 1738 α
191 1674 628 1745 Nonobstantibus...etiam
638 1672 941 1761 inuniversalibus,
950 1675 1283 1770 provincialibusque

155 1817 172 1852 ι(
191 1805 225 1857 et
248 1787 466 1882 synodalibus
484 1787 640 1858 conciliis
660 1787 758 1856 editis
772 1788 985 1883 generalibus
1009 1789 1062 1860 vel
1081 1790 1283 1885 specialibus

155 1933 173 1967 a
194 1904 494 1972 constitutionibus
507 1917 544 1972 et
561 1903 853 1991 ordinationilms3
870 1931 1001 1974 necnon
1016 1909 1212 1998 quarumvis
1227 1932 1282 1976 ec·

154 2047 171 2081 «
188 2018 365 2088 clesiarum
383 2019 529 2105 statutis,
543 2019 861 2107 consuetudinibus,
869 2018 1067 2116 privilegiis.
1080 2051 1098 2087 a

201 2132 405 2201 Benedictus
419 2132 554 2202 tandem
568 2137 649 2202 Xlll
667 2157 790 2202 novam
809 2148 995 2202 correctam
1008 2135 1157 2227 ejusdem
1171 2144 1283 2209 Cere·

153 2245 309 2316 monialis
327 2247 512 2317 editionem
534 2245 734 2342 publicavit,
751 2248 850 2341 eique
869 2247 1025 2319 ccclesias
1040 2275 1158 2320 omnes
1171 2252 1281 2348 (nulla

152 2377 337 2433 memorata
367 2363 583 2458 exceptione)
606 2363 784 2432 adstrictas
811 2363 894 2452 fore,
917 2364 1044 2434 eisdem
1068 2368 1220 2436 terminis
1240 2393 1280 2438 ac

150 2478 371 2546 Innocentius
383 2481 418 2546 X
435 2478 588 2547 sancivit.

199 2595 309 2660 Porro
331 2617 373 2660 ex
390 2591 526 2660 illarum
543 2592 825 2662 constitutionum
848 2607 988 2683 tenore,
1005 2609 1121 2690 aperte
1146 2607 1280 2668 constat

150 2708 377 2778 universalem
389 2733 460 2778 esse
470 2707 590 2802 legem,
605 2733 672 2802 qua
691 2710 920 2802 praescribitur
933 2710 1015 2780 dicti
1027 2713 1277 2784 Caeremonialis

149 2823 229 2893 libri
249 2849 344 2912 usus,
358 2825 406 2893 ita
420 2839 460 2894 ut
472 2849 516 2894 nc
529 2823 596 2893 illae
607 2826 709 2894 etiam
724 2826 937 2920 excipiantur
959 2827 1104 2898 ecclcsiae
1116 2855 1190 2922 quae
1201 2855 1278 2922 pro·

151 2940 227 3034 prio
244 2941 414 3010 breviario
437 2954 471 3009 et
486 2939 610 3008 missali
637 2939 786 3032 legitime
810 2953 969 3011 utuntur.
992 2941 1276 3014 Concludentlnrn

149 3056 288 3149 insuper
305 3081 375 3124 non
393 3054 504 3124 valere
520 3054 605 3124 ullas
625 3055 661 3122 in
680 3056 891 3124 contrarium
919 3057 1195 3145 consuetudines,
1217 3083 1275 3126 ex·

111 3193 115 3199 ·
148 3170 255 3262 ceptis
272 3169 352 3238 solis
366 3166 714 3238 invncmornbilibus.
736 3169 1008 3240 Consuetudines
1029 3171 1119 3242 enim
1138 3187 1276 3242 contra·

149 3285 216 3354 rias
237 3287 422 3380 generatim
443 3283 569 3355 tollunt
593 3298 627 3354 et
654 3285 875 3380 proscribunt
899 3287 1044 3380 praefata
1060 3290 1276 3358 constitutio·

148 3425 219 3468 nes.
241 3405 328 3470 Cum
347 3417 458 3472 tamen
471 3401 513 3470 de
528 3400 848 3470 immemorabilibus
859 3426 1048 3494 expressam
1068 3404 1274 3474 mentionem

148 3541 221 3586 non
239 3516 375 3604 faciant,
391 3532 429 3586 et
444 3520 538 3610 praxi
553 3516 823 3604 immemorabili,
843 3517 908 3586 nisi
920 3517 954 3586 id
966 3517 1158 3612 specialiter
1169 3521 1276 3614 expri-

149 3646 273 3719 matur,
295 3633 469 3728 derogatio
488 3657 557 3702 non
578 3632 647 3717 fiat,
666 3632 926 3703 consuetudines
944 3634 1139 3726 hujusmodi
1153 3635 1273 3703 innnc-

149 3746 329 3818 morabiles
348 3766 382 3820 et
399 3749 604 3843 caeteroquin
623 3747 822 3836 laudabiles,
836 3748 912 3820 lieet
930 3748 1022 3818 dicto
1038 3747 1273 3820 Caeremoniali

147 3867 336 3954 contrariae,
361 3866 488 3936 censeri
516 3879 672 3960 possunt,
690 3879 820 3934 attento
846 3863 1092 3958 pontificalium
1120 3863 1274 3934 decreto·

147 4003 226 4048 rum
246 3992 352 4067 textu,
373 3993 601 4074 praeservatae3
622 3989 658 4048 et
671 4002 786 4047 revera
805 3977 1146 4073 praeservatasluissc,
1164 3980 1198 4048 in
1219 4004 1273 4048 se·

147 4094 267 4186 quenti
283 4097 518 4192 propositione
531 4093 760 4164 ostendemus.

195 4209 365 4280 Probatur
380 4210 420 4280 2⁰
436 4235 476 4280 ex
498 4209 678 4279 doctorum
695 4209 866 4278 communi
881 4209 1059 4278 sententia.
1070 4250 1117 4264 --
1129 4213 1211 4278 Rem
1223 4211 1272 4278 sic

146 4327 286 4420 exponit
303 4326 498 4414 Catalanus,
517 4328 551 4396 in
574 4325 771 4421 praefatione
794 4327 1027 4396 commentarii
1042 4326 1092 4392 sui
1112 4327 1145 4393 in
1157 4329 1272 4395 Caete-

145 4441 293 4512 moniale
312 4444 559 4538 Episcoporum
575 4469 612 4514 :a
625 4441 833 4512 Habetenim
843 4438 1093 4527 Caeremoniale,
1107 4453 1270 4534 tanlquam
