2964 5070
494 361 539 406 oa
562 361 651 410 suae
678 361 887 412 trruaorco.
1174 341 1249 416 305

126 519 144 556 a
164 491 248 560 etin
272 487 394 560 litteris
414 487 606 583 apostolicis
631 491 849 578 Patriarclue,
873 490 1138 586 Archiepiscopi,
1166 494 1249 585 Epi·

124 605 251 699 «scopi
270 617 455 674 mouentur
476 617 515 702 nt
532 617 689 674 accurate
710 602 846 674 illoru'm
862 605 1096 674 observationi
1119 603 1250 700 advigi-

127 717 254 806 «lent‚
275 743 350 812 qua
366 731 493 788 statuta
513 717 548 786 in
571 716 635 786 illis
653 733 743 788 suut.
765 720 854 788 Huic
875 719 903 788 si
928 721 1005 812 quis
1022 719 1105 813 quid
1128 719 1250 808 addat,

122 863 141 900 α
158 834 242 929 quid
266 833 441 921 detrahat,
458 831 540 926 quid
561 832 735 918 immutet,
755 833 825 926 jam
845 855 886 900 eo
911 833 985 926 ipso
1007 848 1040 903 et
1064 836 1250 906 novitatem

124 978 142 1014 a
159 950 312 1036 inducit,
326 964 361 1022 et
373 950 451 1043 jure
472 948 707 1023 inobedientiae
730 963 843 1018 uotam
867 949 1059 1020 incurrit.»
1081 949 1255 1046 (denota-

125 1080 181 1134 tor
195 1065 279 1134 tomi
296 1067 379 1134 VIII
400 1062 611 1134 collectionis
626 1062 865 1150 Gardellianae‚
880 1089 955 1157 pag.
985 1063 1078 1156 131.)

176 1177 218 1250 3⁰
232 1178 481 1273 obligatorium
501 1202 572 1248 osse
589 1175 710 1248 rituale
726 1180 932 1267 Romanurn,
952 1193 985 1246 et
1001 1192 1038 1246 ut
1059 1177 1123 1247 talc
1140 1179 1252 1248 asede

124 1291 326 1388 Apostolica
341 1291 548 1388 publicatum
566 1343 575 1380 ‚
594 1293 666 1362 erui
689 1293 790 1362 etiarn
807 1306 918 1387 potest
936 1317 976 1362 cx
997 1294 1070 1387 Ipso
1087 1293 1188 1388 hujus
1209 1294 1249 1364 li·

124 1409 178 1480 bri
193 1407 355 1494 exordio,
372 1432 474 1505 supra
490 1405 618 1494 relat03
640 1407 698 1477 ubi
713 1409 824 1502 primo
841 1407 926 1476 ritus
943 1422 975 1478 et
995 1409 1200 1486 caercrnoniae
1214 1410 1251 1478 in

124 1522 298 1596 lroclibr'o
317 1524 469 1594 contenti
488 1523 649 1593 dicuntur
667 1521 864 1618 praescribi.
888 1527 916 1592 T
920 1547 976 1594 um
995 1537 1033 1592 ut
1055 1547 1172 1620 eorum
1187 1523 1253 1594 ob·
1329 1506 1334 1512 ’

123 1639 308 1708 servationi
322 1638 550 1732 provideatur,
569 1638 750 1738 adducitur
764 1638 942 1708 anatliema
963 1637 1200 1708 'l'ridentiuum
1215 1639 1250 1708 in

125 1761 187 1825 c'os
204 1754 264 1846 qui
278 1752 581 1849 dicunt‚'receplos
598 1769 636 1823 et
651 1753 864 1850 approbatos
882 1753 1051 1824 Ecclesiae
1069 1751 1253 1824 catlrolr‘cae

126 1868 217 1940 ra'tus
237 1891 348 1962 posse
363 1869 442 1938 sinc
453 1881 604 1964 peccato
633 1868 770 1968 ornr'tti,
800 1883 864 1941 aaut
883 1869 921 1936 irz
946 1891 1059 1938 novos
1076 1867 1166 1940 altos
1183 1895 1254 1964 per

125 1997 384 2078 quemcumque
410 1981 637 2084 ecclesiarum
662 1997 844 2076 pastorem
858 1984 1017 2084 'taratara
1050 1983 1111 2052 llle
1138 1999 1251 2054 autem

127 2129 241 2173 canon
261 2130 331 2174 uon
349 2107 571 2200 promovisset
588 2105 856 2174 observationem
873 2103 1005 2174 ritualis
1025 2108 1168 2174 Romani
1183 2131 1255 2176 ma·

125 2219 180 2312 gis
196 2243 298 2312 quam
322 2218 467 2290 aliorum
491 2217 667 2289 ritualium
691 2220 725 2288 iu
750 2217 1013 2312 particularibus
1029 2219 1175 2289 ecclesiis
1198 2247 1253 2292 re·

125 2341 333 2426 ceptorum,'
354 2333 420 2404 nisi
445 2333 517 2404 ltoec
538 2333 640 2404 ver‘ba
668 2331 859 2428 approbati
881 2332 1051 2404 Ecclesiae
1069 2333 1255 2408 catholicae

126 2447 232 2533 ritus,
250 2461 328 2540 post
343 2447 472 2518 editum
487 2446 608 2544 rituale
622 2451 830 2539 Romanum,
851 2447 995 2544 intelligi
1013 2449 1181 2519 exclusive
1193 2451 1251 2520 de·

126 2570 280 2638 buissent
299 2569 342 2639 de
359 2571 480 2658 ritibus
503 2569 543 2640 in*
558 2572 623 2640 isto
641 2571 754 2641 rituali
773 2574 954 2643 contentis,
972 2576 1077 2668 Ergo,
1098 2573 1178 2644 dum
1197 2573 1255 2644 ille

125 2705 240 2754 canon
257 2683 439 2756 adducitur
457 2703 495 2757 ut
513 2685 641 2784 ubique
650 2686 814 2779 fideliter
829 2705 1013 2760 serventur
1027 2713 1071 2762 ca
1092 2713 1172 2787 qum
1185 2689 1255 2761 lroc
1273 2725 1275 2730 ·

125 2799 219 2870 libro
227 2800 518 2896 prescribantur,
535 2827 575 2873 eo
596 2805 668 2898 ipso
681 2805 886 2899 supponitur
902 2805 987 2874 ritus
1005 2810 1039 2874 in
1058 2829 1098 2874 oo
1117 2821 1256 2876 conten·

127 2931 183 2987 tos
200 2941 272 2986 esse
288 2939 347 2986 eos
361 2916 576 3014 approbatos
595 2917 760 2988 Ecclesiae
774 2917 957 2989 catholicas
974 2922 1074 3007 ulus,
1097 2921 1156 3013 qui
1176 2922 1256 2990 sinc

79 3119 84 3122 Ἰ
122 3047 308 3130 peccatore
322 3033 495 3102 ministris
506 3033 626 3102 omitti
636 3057 703 3102 nou
720 3047 881 3126 possunt3
899 3030 982 3101 alios
997 3057 1077 3102 vero
1092 3033 1254 3121 diversos,

120 3149 197 3242 *jam
214 3172 288 3217 non
300 3171 372 3218 esse
387 3147 592 3242 approbatos
610 3146 766 3218 Ecclesiae
789 3145 961 3218 catholicae
980 3147 1076 3218 ritus.

178 3266 259 3332 Duo
272 3263 399 3333 seilicet
410 3263 573 3360 supponit
588 3263 728 3332 citatum
748 3261 877 3331 ritualis
893 3263 1039 3332 Romani
1054 3263 1229 3332 exordium
1244 3289 1254 3332 ε

129 3375 242 3473 primo
266 3376 409 3447 liberum
441 3403 510 3446 nou
533 3401 603 3446 esse
625 3375 768 3472 singulis
787 3374 935 3446 ecclesiis
958 3373 1114 3446 recedere
1131 3403 1152 3447 a
1171 3401 1255 3473 pro·

129 3493 220 3561 batis
239 3491 395 3564 Ecclesia
412 3490 585 3562 catholicae
605 3489 726 3561 ritibus
741 3489 926 3578 :secundm
945 3513 1079 3584 percos
1096 3493 1256 3586 probatos

129 3605 288 3676 Ecclesiae
304 3605 476 3678 catholicae
495 3608 593 3696 ritus,
615 3606 685 3700 jam
699 3604 841 3700 intelligi
862 3605 984 3674 debere
1001 3608 1135 3702 eosqui
1158 3607 1193 3676 in
1212 3609 1258 3677 ri·

129 3721 215 3789 tuali
229 3725 385 3792 Romano
402 3723 632 3791 continentur.
646 3722 683 3791 Si
697 3721 806 3806 euim,
821 3733 898 3815 post
914 3719 1042 3788 editum
1055 3719 1176 3790 rituale
1190 3723 1260 3790 Ro·

131 3857 294 3922 manum,
318 3833 458 3930 singulae
476 3834 622 3906 ecclesiae
640 3836 675 3904 vi
693 3836 832 3905 canonis
849 3833 1039 3904 Tridentini
1058 3833 1101 3902 ad
1119 3859 1258 3907 servan·

129 3948 213 4018 dum
238 3948 321 4018 illud
338 3948 458 4020 rituale
481 3975 551 4019 non
569 3950 815 4044 astringantur,
832 3947 889 4018 scal
906 3947 1034 4043 possint
1057 3952 1192 4046 propria
1211 3952 1261 4021 ri·

131 4061 237 4134 utalia
259 4065 383 4158 quibus
408 4069 507 4157 autea
530 4064 678 4161 legitime
699 4067 884 4136 utebantur
903 4064 1069 4155 retinere,
1088 4065 1141 4136 vel
1170 4091 1259 4137 nova

128 4177 195 4248 sibi
218 4182 441 4269 concinnare,
468 4181 594 4251 frustra
613 4179 795 4250 adducitur
819 4180 929 4250 dictus
953 4205 1064 4250 cavvou
1088 4181 1259 4251 Tridenti-

133 4313 200 4363 nus
214 4293 260 4363 a'd
280 4293 544 4388 promovendam
568 4296 696 4390 ubique
722 4295 855 4366 ritualis
878 4298 1022 4367 Romani
1050 4295 1257 4364 observatio-

114 4429 225 4478 -uem,
243 4409 425 4498 Quomodo
443 4412 534 4483 enim
557 4409 613 4481 ille
634 4435 745 4482 canon
764 4426 865 4506 aptus
890 4425 977 4508 esset
994 4409 1038 4480 ad
1053 4409 1179 4494 dictam
1192 4409 1258 4480 olr-

1042 4547 1088 4594 ao
