<?xml version="1.0" encoding="UTF-8"?>
<!DOCTYPE html PUBLIC "-//W3C//DTD XHTML 1.0 Transitional//EN"
    "http://www.w3.org/TR/xhtml1/DTD/xhtml1-transitional.dtd">
<html xmlns="http://www.w3.org/1999/xhtml" xml:lang="en" lang="en">
 <head>
  <title>
</title>
<meta http-equiv="Content-Type" content="text/html;charset=utf-8" />
  <meta name='ocr-system' content='tesseract 3.04.00' />
  <meta name='ocr-capabilities' content='ocr_page ocr_carea ocr_par ocr_line ocrx_word'/>
</head>
<body>
  <div class='ocr_page' id='page_1' title='image "./tractatusdejure00bouigoog_0260.png"; bbox 0 0 2978 5076; ppageno 0'>
   <div class='ocr_carea' id='block_1_1' title="bbox 514 405 1270 499">
    <p class='ocr_par' dir='ltr' id='par_1_1' title="bbox 514 405 1270 499">
     <span class='ocr_line' id='line_1_1' title="bbox 514 405 1270 499; baseline 0.005 -32"><span class='ocrx_word' id='word_1_1' title='bbox 514 423 560 468; x_wconf 81' lang='lat' dir='ltr'><strong>on</strong></span> <span class='ocrx_word' id='word_1_2' title='bbox 583 419 670 470; x_wconf 79' lang='lat' dir='ltr'><strong>ruas</strong></span> <span class='ocrx_word' id='word_1_3' title='bbox 693 423 902 472; x_wconf 80' lang='lat' dir='ltr'><strong>uruaerco.</strong></span> <span class='ocrx_word' id='word_1_4' title='bbox 1198 405 1270 499; x_wconf 64' lang='lat'><strong>247</strong></span> 
     </span>
    </p>
   </div>
   <div class='ocr_carea' id='block_1_2' title="bbox 136 535 1276 4566">
    <p class='ocr_par' dir='ltr' id='par_1_2' title="bbox 136 535 1276 2494">
     <span class='ocr_line' id='line_1_2' title="bbox 193 535 1276 642; baseline 0.003 -25"><span class='ocrx_word' id='word_1_5' title='bbox 193 548 391 642; x_wconf 81' lang='lat' dir='ltr'><strong>Propositio</strong></span> <span class='ocrx_word' id='word_1_6' title='bbox 410 547 460 617; x_wconf 74' lang='grc' dir='ltr'><strong>θ’.</strong></span> <span class='ocrx_word' id='word_1_7' title='bbox 476 547 646 618; x_wconf 70' lang='lat' dir='ltr'><strong>Ecclesiae</strong></span> <span class='ocrx_word' id='word_1_8' title='bbox 670 573 695 618; x_wconf 79' lang='lat' dir='ltr'><strong>a</strong></span> <span class='ocrx_word' id='word_1_9' title='bbox 717 535 889 620; x_wconf 72' lang='lat' dir='ltr'><strong>breviario</strong></span> <span class='ocrx_word' id='word_1_10' title='bbox 902 563 938 619; x_wconf 86' lang='lat' dir='ltr'><strong>et</strong></span> <span class='ocrx_word' id='word_1_11' title='bbox 947 548 1088 620; x_wconf 72' lang='lat' dir='ltr'><strong>missali</strong></span> <span class='ocrx_word' id='word_1_12' title='bbox 1104 553 1139 620; x_wconf 87' lang='lat' dir='ltr'><strong>S.</strong></span> <span class='ocrx_word' id='word_1_13' title='bbox 1157 553 1220 622; x_wconf 75' lang='lat' dir='ltr'><strong>rit</strong></span> <span class='ocrx_word' id='word_1_14' title='bbox 1240 557 1276 620; x_wconf 85' lang='lat' dir='ltr'><em>V</em></span> 
     </span>
     <span class='ocr_line' id='line_1_3' title="bbox 142 663 1273 760; baseline 0.001 -25"><span class='ocrx_word' id='word_1_15' title='bbox 142 679 331 760; x_wconf 69' lang='lat' dir='ltr'><strong>exemptio,</strong></span> <span class='ocrx_word' id='word_1_16' title='bbox 347 666 536 760; x_wconf 81' lang='lat' dir='ltr'><strong>permissae</strong></span> <span class='ocrx_word' id='word_1_17' title='bbox 551 679 634 733; x_wconf 82' lang='lat' dir='ltr'><strong>runt</strong></span> <span class='ocrx_word' id='word_1_18' title='bbox 655 679 775 734; x_wconf 75' lang='lat' dir='ltr'><strong>tunae-n</strong></span> <span class='ocrx_word' id='word_1_19' title='bbox 796 663 887 733; x_wconf 82' lang='lat' dir='ltr'><strong>illud</strong></span> <span class='ocrx_word' id='word_1_20' title='bbox 900 663 1110 736; x_wconf 59' lang='lat' dir='ltr'><strong>renonum</strong></span> <span class='ocrx_word' id='word_1_21' title='bbox 1131 681 1167 736; x_wconf 81' lang='lat' dir='ltr'><strong>et</strong></span> <span class='ocrx_word' id='word_1_22' title='bbox 1182 666 1273 736; x_wconf 82' lang='lat' dir='ltr'><strong>mr‘s-</strong></span> 
     </span>
     <span class='ocr_line' id='line_1_4' title="bbox 141 778 1273 876; baseline 0.002 -26"><span class='ocrx_word' id='word_1_23' title='bbox 141 779 219 850; x_wconf 81' lang='lat' dir='ltr'><strong>anla</strong></span> <span class='ocrx_word' id='word_1_24' title='bbox 239 778 409 874; x_wconf 82' lang='lat' dir='ltr'><strong>anrplecu&#39;</strong></span> <span class='ocrx_word' id='word_1_25' title='bbox 425 805 436 847; x_wconf 92' lang='grc'><strong>.·</strong></span> <span class='ocrx_word' id='word_1_26' title='bbox 450 803 529 876; x_wconf 68' lang='lat' dir='ltr'><strong>qnae</strong></span> <span class='ocrx_word' id='word_1_27' title='bbox 543 803 631 849; x_wconf 82' lang='lat' dir='ltr'><strong>veru</strong></span> <span class='ocrx_word' id='word_1_28' title='bbox 648 805 691 848; x_wconf 84' lang='lat' dir='ltr'><strong>eo</strong></span> <span class='ocrx_word' id='word_1_29' title='bbox 693 779 874 874; x_wconf 81' lang='lat' dir='ltr'><strong>facultate</strong></span> <span class='ocrx_word' id='word_1_30' title='bbox 894 803 968 848; x_wconf 72' lang='lat' dir='ltr'><strong>urae</strong></span> <span class='ocrx_word' id='word_1_31' title='bbox 984 795 1078 864; x_wconf 81' lang='lat' dir='ltr'><strong>runt,</strong></span> <span class='ocrx_word' id='word_1_32' title='bbox 1098 779 1273 852; x_wconf 61' lang='lat' dir='ltr'><strong>druobre·</strong></span> 
     </span>
     <span class='ocr_line' id='line_1_5' title="bbox 143 892 1272 990; baseline 0.002 -26"><span class='ocrx_word' id='word_1_33' title='bbox 143 897 253 964; x_wconf 65' lang='lat' dir='ltr'><strong>verrio</strong></span> <span class='ocrx_word' id='word_1_34' title='bbox 271 911 305 965; x_wconf 83' lang='lat' dir='ltr'><strong>et</strong></span> <span class='ocrx_word' id='word_1_35' title='bbox 322 893 464 964; x_wconf 77' lang='lat' dir='ltr'><strong>missali</strong></span> <span class='ocrx_word' id='word_1_36' title='bbox 473 892 653 965; x_wconf 70' lang='lat' dir='ltr'><strong>adstrietae</strong></span> <span class='ocrx_word' id='word_1_37' title='bbox 665 897 1001 966; x_wconf 69' lang='lat' dir='ltr'><strong>remanserunt-l.</strong></span> <span class='ocrx_word' id='word_1_38' title='bbox 1016 893 1182 982; x_wconf 85' lang='lat' dir='ltr'><strong>Ecclesiis,</strong></span> <span class='ocrx_word' id='word_1_39' title='bbox 1197 919 1272 990; x_wconf 81' lang='lat' dir='ltr'><strong>quae</strong></span> 
     </span>
     <span class='ocr_line' id='line_1_6' title="bbox 143 1007 1272 1104; baseline 0.003 -27"><span class='ocrx_word' id='word_1_40' title='bbox 143 1008 448 1104; x_wconf 79' lang='lat' dir='ltr'><strong>liturgiatluceutis</strong></span> <span class='ocrx_word' id='word_1_41' title='bbox 457 1011 555 1078; x_wconf 85' lang='lat' dir='ltr'><strong>annis</strong></span> <span class='ocrx_word' id='word_1_42' title='bbox 565 1009 756 1103; x_wconf 88' lang='lat' dir='ltr'><strong>antiquiore</strong></span> <span class='ocrx_word' id='word_1_43' title='bbox 765 1024 954 1095; x_wconf 87' lang='lat' dir='ltr'><strong>uterentur,</strong></span> <span class='ocrx_word' id='word_1_44' title='bbox 962 1007 1143 1081; x_wconf 79' lang='lat' dir='ltr'><strong>irululsitS.</strong></span> <span class='ocrx_word' id='word_1_45' title='bbox 1151 1014 1272 1082; x_wconf 83' lang='lat' dir='ltr'><strong>PiusV</strong></span> 
     </span>
     <span class='ocr_line' id='line_1_7' title="bbox 142 1123 1271 1220; baseline 0.003 -27"><span class='ocrx_word' id='word_1_46' title='bbox 142 1139 196 1211; x_wconf 88' lang='lat' dir='ltr'><strong>ut,</strong></span> <span class='ocrx_word' id='word_1_47' title='bbox 214 1123 355 1192; x_wconf 82' lang='lat' dir='ltr'><strong>veleam</strong></span> <span class='ocrx_word' id='word_1_48' title='bbox 376 1139 563 1212; x_wconf 76' lang='lat' dir='ltr'><strong>servarent,</strong></span> <span class='ocrx_word' id='word_1_49' title='bbox 587 1123 650 1210; x_wconf 83' lang='lat' dir='ltr'><strong>rel,</strong></span> <span class='ocrx_word' id='word_1_50' title='bbox 666 1125 691 1193; x_wconf 93' lang='lat' dir='ltr'><strong>si</strong></span> <span class='ocrx_word' id='word_1_51' title='bbox 708 1125 813 1220; x_wconf 84' lang='lat' dir='ltr'><strong>magis</strong></span> <span class='ocrx_word' id='word_1_52' title='bbox 836 1124 884 1193; x_wconf 86' lang='lat' dir='ltr'><strong>eis</strong></span> <span class='ocrx_word' id='word_1_53' title='bbox 898 1123 1059 1220; x_wconf 77' lang='lat' dir='ltr'><strong>placeret,</strong></span> <span class='ocrx_word' id='word_1_54' title='bbox 1080 1143 1271 1196; x_wconf 89' lang='lat' dir='ltr'><strong>correctum</strong></span> 
     </span>
     <span class='ocr_line' id='line_1_8' title="bbox 143 1239 1272 1336; baseline 0.002 -25"><span class='ocrx_word' id='word_1_55' title='bbox 143 1247 336 1312; x_wconf 86' lang='lat' dir='ltr'><strong>Romanum</strong></span> <span class='ocrx_word' id='word_1_56' title='bbox 361 1240 564 1308; x_wconf 87' lang='lat' dir='ltr'><strong>breviarium</strong></span> <span class='ocrx_word' id='word_1_57' title='bbox 585 1255 618 1308; x_wconf 88' lang='lat' dir='ltr'><strong>et</strong></span> <span class='ocrx_word' id='word_1_58' title='bbox 637 1239 770 1310; x_wconf 77' lang='lat' dir='ltr'><strong>missale</strong></span> <span class='ocrx_word' id='word_1_59' title='bbox 789 1239 1083 1336; x_wconf 71' lang='lat' dir='ltr'><strong>amplecterentur.</strong></span> <span class='ocrx_word' id='word_1_60' title='bbox 1099 1242 1207 1334; x_wconf 84' lang='lat' dir='ltr'><strong>Cujus</strong></span> <span class='ocrx_word' id='word_1_61' title='bbox 1220 1258 1272 1313; x_wconf 86' lang='lat' dir='ltr'><strong>ta-</strong></span> 
     </span>
     <span class='ocr_line' id='line_1_9' title="bbox 137 1337 1271 1452; baseline 0.001 -26"><span class='ocrx_word' id='word_1_62' title='bbox 137 1337 225 1426; x_wconf 82' lang='lat' dir='ltr'><strong>men</strong></span> <span class='ocrx_word' id='word_1_63' title='bbox 245 1356 444 1425; x_wconf 77' lang='lat' dir='ltr'><strong>mutationis</strong></span> <span class='ocrx_word' id='word_1_64' title='bbox 467 1355 609 1425; x_wconf 75' lang='lat' dir='ltr'><strong>facultas</strong></span> <span class='ocrx_word' id='word_1_65' title='bbox 632 1379 790 1426; x_wconf 86' lang='lat' dir='ltr'><strong>concessa</strong></span> <span class='ocrx_word' id='word_1_66' title='bbox 811 1381 882 1425; x_wconf 89' lang='lat' dir='ltr'><strong>non</strong></span> <span class='ocrx_word' id='word_1_67' title='bbox 905 1372 954 1426; x_wconf 87' lang='lat' dir='ltr'><strong>est</strong></span> <span class='ocrx_word' id='word_1_68' title='bbox 975 1355 1054 1426; x_wconf 75' lang='lat' dir='ltr'><strong>solis</strong></span> <span class='ocrx_word' id='word_1_69' title='bbox 1076 1359 1271 1452; x_wconf 81' lang='lat' dir='ltr'><strong>Episcopis3</strong></span> 
     </span>
     <span class='ocr_line' id='line_1_10' title="bbox 140 1471 1272 1566; baseline 0.003 -25"><span class='ocrx_word' id='word_1_70' title='bbox 140 1473 202 1542; x_wconf 82' lang='lat' dir='ltr'><strong>rerl</strong></span> <span class='ocrx_word' id='word_1_71' title='bbox 221 1473 403 1565; x_wconf 89' lang='lat' dir='ltr'><strong>requisitus</strong></span> <span class='ocrx_word' id='word_1_72' title='bbox 415 1473 517 1540; x_wconf 82' lang='lat' dir='ltr'><strong>etiarn</strong></span> <span class='ocrx_word' id='word_1_73' title='bbox 534 1471 600 1541; x_wconf 81' lang='lat' dir='ltr'><strong>fuit</strong></span> <span class='ocrx_word' id='word_1_74' title='bbox 611 1473 759 1541; x_wconf 89' lang='lat' dir='ltr'><strong>universi</strong></span> <span class='ocrx_word' id='word_1_75' title='bbox 773 1471 912 1566; x_wconf 88' lang='lat' dir='ltr'><strong>capituli</strong></span> <span class='ocrx_word' id='word_1_76' title='bbox 926 1497 1109 1542; x_wconf 83' lang='lat' dir='ltr'><strong>consensus</strong></span> <span class='ocrx_word' id='word_1_77' title='bbox 1121 1497 1128 1540; x_wconf 93' lang='lat'>:</span> <span class='ocrx_word' id='word_1_78' title='bbox 1140 1473 1272 1544; x_wconf 81' lang='lat' dir='ltr'><strong>eisdem</strong></span> 
     </span>
     <span class='ocr_line' id='line_1_11' title="bbox 142 1585 1273 1689; baseline 0 -31"><span class='ocrx_word' id='word_1_79' title='bbox 142 1587 284 1682; x_wconf 77' lang='lat' dir='ltr'><strong>sisortc</strong></span> <span class='ocrx_word' id='word_1_80' title='bbox 311 1585 378 1658; x_wconf 84' lang='lat' dir='ltr'><strong>lroc</strong></span> <span class='ocrx_word' id='word_1_81' title='bbox 398 1602 556 1657; x_wconf 80' lang='lat' dir='ltr'><strong>nostrum</strong></span> <span class='ocrx_word' id='word_1_82' title='bbox 578 1587 815 1683; x_wconf 80' lang='lat' dir='ltr'><strong>(breviarium)</strong></span> <span class='ocrx_word' id='word_1_83' title='bbox 841 1586 937 1689; x_wconf 82' lang='lat' dir='ltr'><strong>quod</strong></span> <span class='ocrx_word' id='word_1_84' title='bbox 957 1587 1060 1658; x_wconf 86' lang='lat' dir='ltr'><strong>modo</strong></span> <span class='ocrx_word' id='word_1_85' title='bbox 1084 1589 1273 1688; x_wconf 78' lang='lat' dir='ltr'><strong>pervulga·</strong></span> 
     </span>
     <span class='ocr_line' id='line_1_12' title="bbox 142 1701 1271 1800; baseline 0.002 -28"><span class='ocrx_word' id='word_1_86' title='bbox 142 1719 218 1772; x_wconf 82' lang='lat' dir='ltr'><strong>tum</strong></span> <span class='ocrx_word' id='word_1_87' title='bbox 237 1719 302 1790; x_wconf 82' lang='lat' dir='ltr'><strong>est,</strong></span> <span class='ocrx_word' id='word_1_88' title='bbox 330 1703 446 1800; x_wconf 81' lang='lat' dir='ltr'><strong>magis</strong></span> <span class='ocrx_word' id='word_1_89' title='bbox 458 1701 618 1798; x_wconf 75' lang='lat' dir='ltr'><strong>placeat,</strong></span> <span class='ocrx_word' id='word_1_90' title='bbox 646 1701 834 1773; x_wconf 81' lang='lat' dir='ltr'><strong>dummodo</strong></span> <span class='ocrx_word' id='word_1_91' title='bbox 854 1707 1050 1800; x_wconf 68' lang='lat' dir='ltr'><strong>Eparcopur</strong></span> <span class='ocrx_word' id='word_1_92' title='bbox 1077 1719 1111 1774; x_wconf 84' lang='lat' dir='ltr'><strong>et</strong></span> <span class='ocrx_word' id='word_1_93' title='bbox 1135 1707 1271 1775; x_wconf 80' lang='lat' dir='ltr'><strong>unirer-</strong></span> 
     </span>
     <span class='ocr_line' id='line_1_13' title="bbox 141 1814 1274 1912; baseline -0.001 -25"><span class='ocrx_word' id='word_1_94' title='bbox 141 1841 222 1887; x_wconf 83' lang='lat' dir='ltr'><strong>sum</strong></span> <span class='ocrx_word' id='word_1_95' title='bbox 238 1816 434 1912; x_wconf 76' lang='lat' dir='ltr'><strong>capitulum</strong></span> <span class='ocrx_word' id='word_1_96' title='bbox 448 1818 484 1885; x_wconf 82' lang='lat' dir='ltr'><strong>in</strong></span> <span class='ocrx_word' id='word_1_97' title='bbox 503 1841 544 1886; x_wconf 87' lang='lat' dir='ltr'><strong>eo</strong></span> <span class='ocrx_word' id='word_1_98' title='bbox 562 1818 799 1906; x_wconf 81' lang='lat' dir='ltr'><strong>consentiant,</strong></span> <span class='ocrx_word' id='word_1_99' title='bbox 822 1833 859 1886; x_wconf 84' lang='lat' dir='ltr'><strong>ut</strong></span> <span class='ocrx_word' id='word_1_100' title='bbox 876 1815 918 1885; x_wconf 81' lang='lat' dir='ltr'><strong>id</strong></span> <span class='ocrx_word' id='word_1_101' title='bbox 930 1819 966 1886; x_wconf 83' lang='lat' dir='ltr'><strong>in</strong></span> <span class='ocrx_word' id='word_1_102' title='bbox 987 1814 1095 1886; x_wconf 78' lang='lat' dir='ltr'><strong>choro</strong></span> <span class='ocrx_word' id='word_1_103' title='bbox 1105 1815 1225 1886; x_wconf 70' lang='lat' dir='ltr'><strong>dicem</strong></span> <span class='ocrx_word' id='word_1_104' title='bbox 1239 1831 1274 1886; x_wconf 83' lang='lat' dir='ltr'><strong>et</strong></span> 
     </span>
     <span class='ocr_line' id='line_1_14' title="bbox 137 1932 1273 2030; baseline -0.001 -26"><span class='ocrx_word' id='word_1_105' title='bbox 137 1935 292 2029; x_wconf 77' lang='lat' dir='ltr'><strong>psallere</strong></span> <span class='ocrx_word' id='word_1_106' title='bbox 299 1937 451 2029; x_wconf 77' lang='lat' dir='ltr'><strong>possint,</strong></span> <span class='ocrx_word' id='word_1_107' title='bbox 461 1936 704 2030; x_wconf 79' lang='lat' dir='ltr'><strong>pcmrittimus</strong></span> <span class='ocrx_word' id='word_1_108' title='bbox 720 1932 830 2029; x_wconf 86' lang='lat' dir='ltr'><strong>(bulla</strong></span> <span class='ocrx_word' id='word_1_109' title='bbox 839 1932 946 2024; x_wconf 79' lang='lat' dir='ltr'><strong>Quod</strong></span> <span class='ocrx_word' id='word_1_110' title='bbox 952 1957 976 2001; x_wconf 80' lang='lat' dir='ltr'><strong>a</strong></span> <span class='ocrx_word' id='word_1_111' title='bbox 991 1933 1119 2029; x_wconf 69' lang='lat' dir='ltr'><strong>nobrr).</strong></span> <span class='ocrx_word' id='word_1_112' title='bbox 1135 1936 1177 2003; x_wconf 85' lang='lat' dir='ltr'><strong>Sr&#39;</strong></span> <span class='ocrx_word' id='word_1_113' title='bbox 1187 1936 1273 2003; x_wconf 80' lang='lat' dir='ltr'><strong>mir·</strong></span> 
     </span>
     <span class='ocr_line' id='line_1_15' title="bbox 141 2046 1274 2146; baseline 0 -27"><span class='ocrx_word' id='word_1_114' title='bbox 141 2050 222 2120; x_wconf 81' lang='lat' dir='ltr'><strong>sole</strong></span> <span class='ocrx_word' id='word_1_115' title='bbox 235 2050 303 2120; x_wconf 77' lang='lat' dir='ltr'><strong>hoe</strong></span> <span class='ocrx_word' id='word_1_116' title='bbox 316 2049 414 2146; x_wconf 86' lang='lat' dir='ltr'><strong>quod</strong></span> <span class='ocrx_word' id='word_1_117' title='bbox 425 2073 520 2120; x_wconf 85' lang='lat' dir='ltr'><strong>nunc</strong></span> <span class='ocrx_word' id='word_1_118' title='bbox 532 2052 568 2120; x_wconf 83' lang='lat' dir='ltr'><strong>in</strong></span> <span class='ocrx_word' id='word_1_119' title='bbox 591 2049 706 2120; x_wconf 81' lang='lat' dir='ltr'><strong>lucem</strong></span> <span class='ocrx_word' id='word_1_120' title='bbox 720 2046 780 2118; x_wconf 82' lang='lat' dir='ltr'><strong>erlr&#39;</strong></span> <span class='ocrx_word' id='word_1_121' title='bbox 798 2050 997 2118; x_wconf 72' lang='lat' dir='ltr'><strong>exaravimus</strong></span> <span class='ocrx_word' id='word_1_122' title='bbox 1010 2049 1136 2120; x_wconf 81' lang='lat' dir='ltr'><strong>ir&#39;sdem</strong></span> <span class='ocrx_word' id='word_1_123' title='bbox 1156 2054 1274 2146; x_wconf 74' lang='lat' dir='ltr'><strong>magis</strong></span> 
     </span>
     <span class='ocr_line' id='line_1_16' title="bbox 136 2161 1275 2262; baseline -0.004 -27"><span class='ocrx_word' id='word_1_124' title='bbox 136 2165 312 2262; x_wconf 76' lang='lat' dir='ltr'><strong>placeret,</strong></span> <span class='ocrx_word' id='word_1_125' title='bbox 339 2163 384 2234; x_wconf 83' lang='lat' dir='ltr'><strong>de</strong></span> <span class='ocrx_word' id='word_1_126' title='bbox 406 2165 581 2262; x_wconf 76' lang='lat' dir='ltr'><em>Episcopi</em></span> <span class='ocrx_word' id='word_1_127' title='bbox 604 2163 669 2233; x_wconf 81' lang='lat' dir='ltr'><strong>vel</strong></span> <span class='ocrx_word' id='word_1_128' title='bbox 691 2161 840 2232; x_wconf 78' lang='lat' dir='ltr'><strong>Praelutr&#39;</strong></span> <span class='ocrx_word' id='word_1_129' title='bbox 874 2161 1093 2258; x_wconf 73' lang='lat' dir='ltr'><strong>capitulique</strong></span> <span class='ocrx_word' id='word_1_130' title='bbox 1121 2163 1275 2230; x_wconf 67' lang='lat' dir='ltr'><strong>uniuersi</strong></span> 
     </span>
     <span class='ocr_line' id='line_1_17' title="bbox 143 2278 1270 2380; baseline -0.001 -28"><span class='ocrx_word' id='word_1_131' title='bbox 143 2307 332 2368; x_wconf 77' lang='lat' dir='ltr'><strong>consensu,</strong></span> <span class='ocrx_word' id='word_1_132' title='bbox 345 2282 497 2380; x_wconf 82' lang='lat' dir='ltr'><strong>utjurta</strong></span> <span class='ocrx_word' id='word_1_133' title='bbox 514 2278 607 2351; x_wconf 83' lang='lat' dir='ltr'><strong>illud</strong></span> <span class='ocrx_word' id='word_1_134' title='bbox 620 2282 755 2350; x_wconf 80' lang='lat' dir='ltr'><strong>missar</strong></span> <span class='ocrx_word' id='word_1_135' title='bbox 772 2279 951 2351; x_wconf 75' lang='lat' dir='ltr'><strong>celebrare</strong></span> <span class='ocrx_word' id='word_1_136' title='bbox 957 2281 1109 2376; x_wconf 79' lang='lat' dir='ltr'><strong>possim,</strong></span> <span class='ocrx_word' id='word_1_137' title='bbox 1115 2282 1270 2376; x_wconf 77' lang='lat' dir='ltr'><strong>per-ntit-</strong></span> 
     </span>
     <span class='ocr_line' id='line_1_18' title="bbox 145 2397 834 2494; baseline -0.003 -26"><span class='ocrx_word' id='word_1_138' title='bbox 145 2401 255 2468; x_wconf 82' lang='lat' dir='ltr'><strong>timur</strong></span> <span class='ocrx_word' id='word_1_139' title='bbox 268 2397 375 2493; x_wconf 77' lang='lat' dir='ltr'><strong>(balla</strong></span> <span class='ocrx_word' id='word_1_140' title='bbox 400 2398 639 2493; x_wconf 74' lang='lat' dir='ltr'><strong>(tuaprimnm</strong></span> <span class='ocrx_word' id='word_1_141' title='bbox 654 2397 834 2494; x_wconf 79' lang='lat' dir='ltr'><strong>tempore).</strong></span> 
     </span>
    </p>

    <p class='ocr_par' dir='ltr' id='par_1_3' title="bbox 141 2511 1274 3074">
     <span class='ocr_line' id='line_1_19' title="bbox 193 2511 1274 2608; baseline -0.003 -25"><span class='ocrx_word' id='word_1_142' title='bbox 193 2514 377 2606; x_wconf 83' lang='lat' dir='ltr'><strong>Quomodo</strong></span> <span class='ocrx_word' id='word_1_143' title='bbox 394 2527 506 2581; x_wconf 82' lang='lat' dir='ltr'><strong>autem</strong></span> <span class='ocrx_word' id='word_1_144' title='bbox 528 2511 783 2608; x_wconf 83' lang='lat' dir='ltr'><strong>intelligendum</strong></span> <span class='ocrx_word' id='word_1_145' title='bbox 799 2515 842 2580; x_wconf 87' lang='lat' dir='ltr'><strong>sit</strong></span> <span class='ocrx_word' id='word_1_146' title='bbox 864 2511 991 2606; x_wconf 82' lang='lat' dir='ltr'><strong>requiri</strong></span> <span class='ocrx_word' id='word_1_147' title='bbox 1014 2513 1169 2581; x_wconf 77' lang='lat' dir='ltr'><strong>uniuersi</strong></span> <span class='ocrx_word' id='word_1_148' title='bbox 1184 2512 1274 2606; x_wconf 87' lang='lat' dir='ltr'><strong>capi-</strong></span> 
     </span>
     <span class='ocr_line' id='line_1_20' title="bbox 143 2625 1272 2722; baseline -0.003 -24"><span class='ocrx_word' id='word_1_149' title='bbox 143 2625 208 2698; x_wconf 85' lang='lat' dir='ltr'><strong>tuli</strong></span> <span class='ocrx_word' id='word_1_150' title='bbox 226 2653 439 2715; x_wconf 86' lang='lat' dir='ltr'><strong>consensum,</strong></span> <span class='ocrx_word' id='word_1_151' title='bbox 454 2625 601 2694; x_wconf 87' lang='lat' dir='ltr'><strong>vidimus</strong></span> <span class='ocrx_word' id='word_1_152' title='bbox 624 2627 658 2694; x_wconf 91' lang='lat' dir='ltr'><strong>in</strong></span> <span class='ocrx_word' id='word_1_153' title='bbox 678 2627 844 2722; x_wconf 84' lang='lat' dir='ltr'><strong>superiori</strong></span> <span class='ocrx_word' id='word_1_154' title='bbox 860 2625 1074 2720; x_wconf 83' lang='lat' dir='ltr'><strong>paragrapho</strong></span> <span class='ocrx_word' id='word_1_155' title='bbox 1090 2625 1272 2695; x_wconf 88' lang='lat' dir='ltr'><strong>adoctori·</strong></span> 
     </span>
     <span class='ocr_line' id='line_1_21' title="bbox 143 2739 1272 2836; baseline -0.002 -24"><span class='ocrx_word' id='word_1_156' title='bbox 143 2742 209 2812; x_wconf 86' lang='lat' dir='ltr'><strong>bus</strong></span> <span class='ocrx_word' id='word_1_157' title='bbox 240 2742 397 2812; x_wconf 83' lang='lat' dir='ltr'><strong>unanimi</strong></span> <span class='ocrx_word' id='word_1_158' title='bbox 419 2765 519 2810; x_wconf 86' lang='lat' dir='ltr'><strong>sensu</strong></span> <span class='ocrx_word' id='word_1_159' title='bbox 548 2740 778 2836; x_wconf 66' lang='lat' dir='ltr'><strong>explicatum</strong></span> <span class='ocrx_word' id='word_1_160' title='bbox 804 2739 965 2810; x_wconf 81' lang='lat' dir='ltr'><strong>sufficere</strong></span> <span class='ocrx_word' id='word_1_161' title='bbox 989 2763 1113 2834; x_wconf 86' lang='lat' dir='ltr'><strong>nempe</strong></span> <span class='ocrx_word' id='word_1_162' title='bbox 1133 2741 1272 2834; x_wconf 82' lang='lat' dir='ltr'><strong>majoris</strong></span> 
     </span>
     <span class='ocr_line' id='line_1_22' title="bbox 142 2856 1272 2954; baseline -0.001 -29"><span class='ocrx_word' id='word_1_163' title='bbox 142 2857 383 2954; x_wconf 69' lang='lat' dir='ltr'><strong>capitularium</strong></span> <span class='ocrx_word' id='word_1_164' title='bbox 409 2856 541 2925; x_wconf 84' lang='lat' dir='ltr'><strong>numeri</strong></span> <span class='ocrx_word' id='word_1_165' title='bbox 563 2881 776 2926; x_wconf 83' lang='lat' dir='ltr'><strong>consensum.</strong></span> <span class='ocrx_word' id='word_1_166' title='bbox 799 2860 852 2925; x_wconf 81' lang='lat' dir='ltr'><strong>lta</strong></span> <span class='ocrx_word' id='word_1_167' title='bbox 870 2857 972 2924; x_wconf 85' lang='lat' dir='ltr'><strong>etiam</strong></span> <span class='ocrx_word' id='word_1_168' title='bbox 997 2871 1119 2949; x_wconf 81' lang='lat' dir='ltr'><strong>proeter</strong></span> <span class='ocrx_word' id='word_1_169' title='bbox 1134 2871 1272 2925; x_wconf 83' lang='lat' dir='ltr'><strong>caeteros</strong></span> 
     </span>
     <span class='ocr_line' id='line_1_23' title="bbox 141 2971 1098 3074; baseline -0.006 -31"><span class='ocrx_word' id='word_1_170' title='bbox 141 2971 426 3066; x_wconf 85' lang='lat' dir='ltr'><strong>Caralieri(tom.</strong></span> <span class='ocrx_word' id='word_1_171' title='bbox 442 2973 486 3061; x_wconf 87' lang='lat' dir='ltr'><strong>ll,</strong></span> <span class='ocrx_word' id='word_1_172' title='bbox 505 2997 584 3068; x_wconf 77' lang='lat' dir='ltr'><strong>pag.</strong></span> <span class='ocrx_word' id='word_1_173' title='bbox 616 2971 694 3066; x_wconf 82' lang='lat'><strong>193,</strong></span> <span class='ocrx_word' id='word_1_174' title='bbox 709 2971 790 3040; x_wconf 77' lang='lat' dir='ltr'><strong>edit.</strong></span> <span class='ocrx_word' id='word_1_175' title='bbox 808 2973 943 3057; x_wconf 66' lang='lat' dir='ltr'><strong>Vener,</strong></span> <span class='ocrx_word' id='word_1_176' title='bbox 968 2971 1074 3074; x_wconf 84' lang='lat'><strong>1770)</strong></span> <span class='ocrx_word' id='word_1_177' title='bbox 1089 2995 1098 3037; x_wconf 73' lang='grc' dir='ltr'><strong><em>ε</em></strong></span> 
     </span>
    </p>

    <p class='ocr_par' dir='ltr' id='par_1_4' title="bbox 145 3084 1273 4448">
     <span class='ocr_line' id='line_1_24' title="bbox 196 3084 1272 3178; baseline 0.004 -28"><span class='ocrx_word' id='word_1_178' title='bbox 196 3115 215 3150; x_wconf 79' lang='lat' dir='ltr'><strong>u</strong></span> <span class='ocrx_word' id='word_1_179' title='bbox 235 3087 472 3156; x_wconf 82' lang='lat' dir='ltr'><strong>Necessarium</strong></span> <span class='ocrx_word' id='word_1_180' title='bbox 491 3101 543 3154; x_wconf 83' lang='lat' dir='ltr'><strong>est</strong></span> <span class='ocrx_word' id='word_1_181' title='bbox 559 3099 601 3154; x_wconf 89' lang='lat' dir='ltr'><strong>ut</strong></span> <span class='ocrx_word' id='word_1_182' title='bbox 620 3085 823 3156; x_wconf 74' lang='lat' dir='ltr'><strong>interveniat</strong></span> <span class='ocrx_word' id='word_1_183' title='bbox 850 3107 1037 3154; x_wconf 78' lang='lat' dir='ltr'><strong>consensus</strong></span> <span class='ocrx_word' id='word_1_184' title='bbox 1058 3084 1217 3178; x_wconf 87' lang='lat' dir='ltr'><strong>Episcopi</strong></span> <span class='ocrx_word' id='word_1_185' title='bbox 1238 3099 1272 3154; x_wconf 92' lang='lat' dir='ltr'><strong>et</strong></span> 
     </span>
     <span class='ocr_line' id='line_1_25' title="bbox 146 3198 1272 3295; baseline 0.002 -29"><span class='ocrx_word' id='word_1_186' title='bbox 146 3231 165 3266; x_wconf 78' lang='grc' dir='ltr'><strong>α</strong></span> <span class='ocrx_word' id='word_1_187' title='bbox 183 3202 333 3270; x_wconf 85' lang='lat' dir='ltr'><strong>universi</strong></span> <span class='ocrx_word' id='word_1_188' title='bbox 352 3199 496 3295; x_wconf 88' lang='lat' dir='ltr'><strong>capituli</strong></span> <span class='ocrx_word' id='word_1_189' title='bbox 507 3225 516 3289; x_wconf 90' lang='lat'>;</span> <span class='ocrx_word' id='word_1_190' title='bbox 528 3216 564 3270; x_wconf 90' lang='lat' dir='ltr'><strong>et</strong></span> <span class='ocrx_word' id='word_1_191' title='bbox 580 3225 659 3270; x_wconf 89' lang='lat' dir='ltr'><strong>cum</strong></span> <span class='ocrx_word' id='word_1_192' title='bbox 676 3201 857 3294; x_wconf 87' lang='lat' dir='ltr'><strong>utriusque</strong></span> <span class='ocrx_word' id='word_1_193' title='bbox 876 3221 1061 3268; x_wconf 79' lang='lat' dir='ltr'><strong>consensus</strong></span> <span class='ocrx_word' id='word_1_194' title='bbox 1078 3198 1272 3294; x_wconf 79' lang='lat' dir='ltr'><strong>copulative</strong></span> 
     </span>
     <span class='ocr_line' id='line_1_26' title="bbox 147 3309 1270 3410; baseline 0.002 -30"><span class='ocrx_word' id='word_1_195' title='bbox 147 3316 346 3410; x_wconf 74' lang='lat' dir='ltr'><strong>«exigatur,</strong></span> <span class='ocrx_word' id='word_1_196' title='bbox 366 3313 565 3384; x_wconf 85' lang='lat' dir='ltr'><strong>alterutrius</strong></span> <span class='ocrx_word' id='word_1_197' title='bbox 586 3315 756 3385; x_wconf 80' lang='lat' dir='ltr'><strong>dissensus</strong></span> <span class='ocrx_word' id='word_1_198' title='bbox 778 3312 926 3408; x_wconf 55' lang='lat' dir='ltr'><strong>&#39;praefatae</strong></span> <span class='ocrx_word' id='word_1_199' title='bbox 948 3311 1136 3406; x_wconf 87' lang='lat' dir='ltr'><strong>receptioni</strong></span> <span class='ocrx_word' id='word_1_200' title='bbox 1152 3309 1270 3382; x_wconf 83' lang='lat' dir='ltr'><strong>officit.</strong></span> 
     </span>
     <span class='ocr_line' id='line_1_27' title="bbox 145 3426 1271 3523; baseline 0.001 -29"><span class='ocrx_word' id='word_1_201' title='bbox 145 3459 165 3494; x_wconf 68' lang='grc' dir='ltr'><strong>«ι</strong></span> <span class='ocrx_word' id='word_1_202' title='bbox 181 3433 231 3499; x_wconf 88' lang='lat' dir='ltr'><strong>Ut</strong></span> <span class='ocrx_word' id='word_1_203' title='bbox 245 3443 360 3498; x_wconf 86' lang='lat' dir='ltr'><strong>autem</strong></span> <span class='ocrx_word' id='word_1_204' title='bbox 370 3429 569 3498; x_wconf 77' lang='lat' dir='ltr'><strong>universum</strong></span> <span class='ocrx_word' id='word_1_205' title='bbox 590 3426 776 3523; x_wconf 86' lang='lat' dir='ltr'><strong>capitulum</strong></span> <span class='ocrx_word' id='word_1_206' title='bbox 790 3427 982 3495; x_wconf 76' lang='lat' dir='ltr'><strong>‹muentire</strong></span> <span class='ocrx_word' id='word_1_207' title='bbox 995 3439 1186 3510; x_wconf 85' lang='lat' dir='ltr'><strong>censentur,</strong></span> <span class='ocrx_word' id='word_1_208' title='bbox 1199 3450 1271 3495; x_wconf 90' lang='lat' dir='ltr'><strong>non</strong></span> 
     </span>
     <span class='ocr_line' id='line_1_28' title="bbox 147 3537 1272 3638; baseline 0.002 -28"><span class='ocrx_word' id='word_1_209' title='bbox 147 3545 373 3638; x_wconf 81' lang='lat' dir='ltr'><strong>«exquiritur</strong></span> <span class='ocrx_word' id='word_1_210' title='bbox 391 3559 430 3613; x_wconf 92' lang='lat' dir='ltr'><strong>ut</strong></span> <span class='ocrx_word' id='word_1_211' title='bbox 452 3569 570 3612; x_wconf 90' lang='lat' dir='ltr'><strong>omnes</strong></span> <span class='ocrx_word' id='word_1_212' title='bbox 595 3544 637 3613; x_wconf 89' lang='lat' dir='ltr'><strong>de</strong></span> <span class='ocrx_word' id='word_1_213' title='bbox 654 3541 816 3638; x_wconf 88' lang='lat' dir='ltr'><strong>capitulo,</strong></span> <span class='ocrx_word' id='word_1_214' title='bbox 833 3537 931 3612; x_wconf 83' lang='lat' dir='ltr'><strong>nullo</strong></span> <span class='ocrx_word' id='word_1_215' title='bbox 951 3539 1177 3636; x_wconf 76' lang='lat' dir='ltr'><strong>discrepante,</strong></span> <span class='ocrx_word' id='word_1_216' title='bbox 1194 3565 1272 3612; x_wconf 87' lang='lat' dir='ltr'><strong>eou-</strong></span> 
     </span>
     <span class='ocr_line' id='line_1_29' title="bbox 145 3643 1272 3753; baseline 0.002 -29"><span class='ocrx_word' id='word_1_217' title='bbox 145 3689 165 3724; x_wconf 78' lang='lat'>«</span> <span class='ocrx_word' id='word_1_218' title='bbox 184 3649 353 3748; x_wconf 53' lang='lat' dir='ltr'><strong>sentienti</strong></span> <span class='ocrx_word' id='word_1_219' title='bbox 377 3659 412 3728; x_wconf 87' lang='lat' dir='ltr'><strong>id</strong></span> <span class='ocrx_word' id='word_1_220' title='bbox 429 3685 574 3753; x_wconf 88' lang='lat' dir='ltr'><strong>namque</strong></span> <span class='ocrx_word' id='word_1_221' title='bbox 592 3643 1119 3752; x_wconf 54' lang='lat' dir='ltr'><strong>moraliterexpectandum&#39;non</strong></span> <span class='ocrx_word' id='word_1_222' title='bbox 1132 3671 1194 3743; x_wconf 83' lang='lat' dir='ltr'><strong>est,</strong></span> <span class='ocrx_word' id='word_1_223' title='bbox 1210 3681 1272 3726; x_wconf 87' lang='lat' dir='ltr'><strong>nec</strong></span> 
     </span>
     <span class='ocr_line' id='line_1_30' title="bbox 145 3774 1272 3870; baseline 0 -29"><span class='ocrx_word' id='word_1_224' title='bbox 145 3805 166 3841; x_wconf 72' lang='lat' dir='ltr'><strong>e</strong></span> <span class='ocrx_word' id='word_1_225' title='bbox 183 3778 233 3845; x_wconf 78' lang='lat' dir='ltr'><strong>ris</strong></span> <span class='ocrx_word' id='word_1_226' title='bbox 251 3777 344 3844; x_wconf 71' lang='lat' dir='ltr'><strong>verbi</strong></span> <span class='ocrx_word' id='word_1_227' title='bbox 364 3777 430 3846; x_wconf 83' lang='lat' dir='ltr'><strong>lroc</strong></span> <span class='ocrx_word' id='word_1_228' title='bbox 456 3777 628 3870; x_wconf 82' lang='lat' dir='ltr'><strong>exposcit3</strong></span> <span class='ocrx_word' id='word_1_229' title='bbox 647 3776 706 3846; x_wconf 85' lang='lat' dir='ltr'><strong>sed</strong></span> <span class='ocrx_word' id='word_1_230' title='bbox 732 3774 841 3844; x_wconf 82' lang='lat' dir='ltr'><strong>solum</strong></span> <span class='ocrx_word' id='word_1_231' title='bbox 861 3774 955 3868; x_wconf 91' lang='lat' dir='ltr'><strong>quod</strong></span> <span class='ocrx_word' id='word_1_232' title='bbox 974 3797 1159 3843; x_wconf 82' lang='lat' dir='ltr'><strong>cousensus</strong></span> <span class='ocrx_word' id='word_1_233' title='bbox 1184 3797 1272 3866; x_wconf 78' lang='lat' dir='ltr'><strong>prae·</strong></span> 
     </span>
     <span class='ocr_line' id='line_1_31' title="bbox 148 3887 1267 3988; baseline 0.002 -32"><span class='ocrx_word' id='word_1_234' title='bbox 148 3907 296 3962; x_wconf 83' lang='lat' dir='ltr'><strong>«stetur</strong></span> <span class='ocrx_word' id='word_1_235' title='bbox 318 3919 337 3962; x_wconf 87' lang='lat' dir='ltr'><strong>a</strong></span> <span class='ocrx_word' id='word_1_236' title='bbox 357 3891 512 3988; x_wconf 86' lang='lat' dir='ltr'><strong>capitulo</strong></span> <span class='ocrx_word' id='word_1_237' title='bbox 536 3907 575 3961; x_wconf 88' lang='lat' dir='ltr'><strong>ut</strong></span> <span class='ocrx_word' id='word_1_238' title='bbox 597 3889 784 3986; x_wconf 88' lang='lat' dir='ltr'><strong>capitulum</strong></span> <span class='ocrx_word' id='word_1_239' title='bbox 808 3905 873 3978; x_wconf 86' lang='lat' dir='ltr'><strong>est,</strong></span> <span class='ocrx_word' id='word_1_240' title='bbox 895 3887 934 3957; x_wconf 83' lang='lat' dir='ltr'><strong>id</strong></span> <span class='ocrx_word' id='word_1_241' title='bbox 954 3903 1015 3976; x_wconf 87' lang='lat' dir='ltr'><strong>est,</strong></span> <span class='ocrx_word' id='word_1_242' title='bbox 1041 3913 1103 3983; x_wconf 88' lang='lat' dir='ltr'><strong>per</strong></span> <span class='ocrx_word' id='word_1_243' title='bbox 1126 3891 1267 3960; x_wconf 86' lang='lat' dir='ltr'><strong>modum</strong></span> 
     </span>
     <span class='ocr_line' id='line_1_32' title="bbox 147 4006 1272 4104; baseline 0 -31"><span class='ocrx_word' id='word_1_244' title='bbox 147 4037 166 4072; x_wconf 72' lang='lat' dir='ltr'><strong>a</strong></span> <span class='ocrx_word' id='word_1_245' title='bbox 183 4011 285 4078; x_wconf 83' lang='lat' dir='ltr'><strong>unius</strong></span> <span class='ocrx_word' id='word_1_246' title='bbox 303 4010 456 4104; x_wconf 87' lang='lat' dir='ltr'><strong>eorporis</strong></span> <span class='ocrx_word' id='word_1_247' title='bbox 474 4007 605 4104; x_wconf 86' lang='lat' dir='ltr'><strong>mystici</strong></span> <span class='ocrx_word' id='word_1_248' title='bbox 621 4007 663 4076; x_wconf 80' lang='lat' dir='ltr'><strong>ad</strong></span> <span class='ocrx_word' id='word_1_249' title='bbox 677 4008 743 4076; x_wconf 86' lang='lat' dir='ltr'><strong>hoc</strong></span> <span class='ocrx_word' id='word_1_250' title='bbox 757 4006 974 4100; x_wconf 77' lang='lat' dir='ltr'><strong>congregati3</strong></span> <span class='ocrx_word' id='word_1_251' title='bbox 986 4017 1021 4073; x_wconf 91' lang='lat' dir='ltr'><strong>et</strong></span> <span class='ocrx_word' id='word_1_252' title='bbox 1038 4017 1120 4074; x_wconf 87' lang='lat' dir='ltr'><strong>tuno</strong></span> <span class='ocrx_word' id='word_1_253' title='bbox 1134 4006 1272 4074; x_wconf 83' lang='lat' dir='ltr'><strong>unr&#39;rer-</strong></span> 
     </span>
     <span class='ocr_line' id='line_1_33' title="bbox 147 4120 1273 4218; baseline -0.002 -29"><span class='ocrx_word' id='word_1_254' title='bbox 147 4153 165 4189; x_wconf 75' lang='lat' dir='ltr'><strong>e</strong></span> <span class='ocrx_word' id='word_1_255' title='bbox 181 4149 261 4194; x_wconf 81' lang='lat' dir='ltr'><strong>aum</strong></span> <span class='ocrx_word' id='word_1_256' title='bbox 278 4125 461 4210; x_wconf 81' lang='lat' dir='ltr'><strong>consentit,</strong></span> <span class='ocrx_word' id='word_1_257' title='bbox 488 4122 630 4218; x_wconf 90' lang='lat' dir='ltr'><strong>quando</strong></span> <span class='ocrx_word' id='word_1_258' title='bbox 647 4122 754 4216; x_wconf 88' lang='lat' dir='ltr'><strong>major</strong></span> <span class='ocrx_word' id='word_1_259' title='bbox 783 4142 861 4216; x_wconf 87' lang='lat' dir='ltr'><strong>pars</strong></span> <span class='ocrx_word' id='word_1_260' title='bbox 889 4120 1007 4210; x_wconf 83' lang='lat' dir='ltr'><strong>vineit,</strong></span> <span class='ocrx_word' id='word_1_261' title='bbox 1033 4120 1100 4188; x_wconf 84' lang='lat' dir='ltr'><strong>nisi</strong></span> <span class='ocrx_word' id='word_1_262' title='bbox 1119 4120 1197 4213; x_wconf 79' lang='lat' dir='ltr'><strong>jure</strong></span> <span class='ocrx_word' id='word_1_263' title='bbox 1215 4143 1273 4188; x_wconf 86' lang='lat' dir='ltr'><strong>ex·</strong></span> 
     </span>
     <span class='ocr_line' id='line_1_34' title="bbox 148 4233 1273 4334; baseline -0.003 -31"><span class='ocrx_word' id='word_1_264' title='bbox 148 4267 166 4303; x_wconf 83' lang='lat'>«</span> <span class='ocrx_word' id='word_1_265' title='bbox 184 4263 301 4334; x_wconf 82' lang='lat' dir='ltr'><strong>presso</strong></span> <span class='ocrx_word' id='word_1_266' title='bbox 324 4237 468 4334; x_wconf 87' lang='lat' dir='ltr'><strong>amplius</strong></span> <span class='ocrx_word' id='word_1_267' title='bbox 489 4239 694 4332; x_wconf 86' lang='lat' dir='ltr'><strong>requiratur,</strong></span> <span class='ocrx_word' id='word_1_268' title='bbox 715 4235 998 4331; x_wconf 80' lang='lat' dir='ltr'><strong>quemadmodum</strong></span> <span class='ocrx_word' id='word_1_269' title='bbox 1024 4233 1172 4304; x_wconf 80' lang='lat' dir='ltr'><strong>advertit</strong></span> <span class='ocrx_word' id='word_1_270' title='bbox 1189 4237 1273 4303; x_wconf 82' lang='lat' dir='ltr'><strong>Sue-</strong></span> 
     </span>
     <span class='ocr_line' id='line_1_35' title="bbox 150 4347 1237 4448; baseline -0.004 -28"><span class='ocrx_word' id='word_1_271' title='bbox 150 4383 169 4420; x_wconf 76' lang='lat'><strong>«</strong></span> <span class='ocrx_word' id='word_1_272' title='bbox 187 4379 243 4424; x_wconf 88' lang='lat' dir='ltr'><strong>rez</strong></span> <span class='ocrx_word' id='word_1_273' title='bbox 258 4385 276 4420; x_wconf 74' lang='lat' dir='ltr'><strong>n</strong></span> <span class='ocrx_word' id='word_1_274' title='bbox 295 4352 392 4448; x_wconf 89' lang='lat' dir='ltr'><strong>(tom.</strong></span> <span class='ocrx_word' id='word_1_275' title='bbox 409 4357 454 4442; x_wconf 89' lang='lat' dir='ltr'><strong>ll,</strong></span> <span class='ocrx_word' id='word_1_276' title='bbox 470 4353 511 4422; x_wconf 88' lang='lat' dir='ltr'><strong>de</strong></span> <span class='ocrx_word' id='word_1_277' title='bbox 529 4354 637 4448; x_wconf 82' lang='lat' dir='ltr'><strong>Relig.</strong></span> <span class='ocrx_word' id='word_1_278' title='bbox 657 4351 716 4422; x_wconf 88' lang='lat' dir='ltr'><strong>lib.</strong></span> <span class='ocrx_word' id='word_1_279' title='bbox 731 4351 773 4420; x_wconf 85' lang='lat' dir='ltr'><strong>de</strong></span> <span class='ocrx_word' id='word_1_280' title='bbox 788 4351 884 4420; x_wconf 84' lang='lat' dir='ltr'><strong>horis</strong></span> <span class='ocrx_word' id='word_1_281' title='bbox 897 4375 975 4421; x_wconf 87' lang='lat' dir='ltr'><strong>cau.</strong></span> <span class='ocrx_word' id='word_1_282' title='bbox 995 4373 1028 4420; x_wconf 85' lang='lat' dir='ltr'><strong>c.</strong></span> <span class='ocrx_word' id='word_1_283' title='bbox 1055 4372 1111 4436; x_wconf 83' lang='lat' dir='ltr'><strong>rr,</strong></span> <span class='ocrx_word' id='word_1_284' title='bbox 1133 4373 1168 4416; x_wconf 88' lang='lat' dir='ltr'><strong>n.</strong></span> <span class='ocrx_word' id='word_1_285' title='bbox 1186 4347 1237 4442; x_wconf 75' lang='grc'><strong>4.)</strong></span> 
     </span>
    </p>

    <p class='ocr_par' dir='ltr' id='par_1_5' title="bbox 197 4463 1270 4566">
     <span class='ocr_line' id='line_1_36' title="bbox 197 4463 1270 4566; baseline -0.008 -27"><span class='ocrx_word' id='word_1_286' title='bbox 197 4473 243 4539; x_wconf 88' lang='lat' dir='ltr'><strong>ll.</strong></span> <span class='ocrx_word' id='word_1_287' title='bbox 256 4466 527 4566; x_wconf 73' lang='lat' dir='ltr'><strong>Expendendum</strong></span> <span class='ocrx_word' id='word_1_288' title='bbox 540 4485 696 4539; x_wconf 74' lang='lat' dir='ltr'><strong>remanet</strong></span> <span class='ocrx_word' id='word_1_289' title='bbox 706 4482 826 4542; x_wconf 89' lang='lat' dir='ltr'><strong>utrum</strong></span> <span class='ocrx_word' id='word_1_290' title='bbox 839 4464 1003 4555; x_wconf 71' lang='lat' dir='ltr'><strong>ecelesiae,</strong></span> <span class='ocrx_word' id='word_1_291' title='bbox 1019 4464 1142 4558; x_wconf 86' lang='lat' dir='ltr'><strong>quibus</strong></span> <span class='ocrx_word' id='word_1_292' title='bbox 1162 4463 1270 4558; x_wconf 80' lang='lat' dir='ltr'><strong>magis</strong></span> 
     </span>
    </p>
   </div>
   <div class='ocr_carea' id='block_1_3' title="bbox 0 0 1494 5076">
    <p class='ocr_par' dir='ltr' id='par_1_6' title="bbox 0 0 1494 5076">
     <span class='ocr_line' id='line_1_37' title="bbox 0 0 1494 5076; baseline 0 0"><span class='ocrx_word' id='word_1_293' title='bbox 0 0 1494 5076; x_wconf 95' lang='lat' dir='ltr'><strong> </strong></span> 
     </span>
    </p>
   </div>
  </div>
 </body>
</html>
