3004 5070
267 337 338 410 272
728 301 935 388 rnicrtros

265 495 282 530 «
301 489 376 534 rnrn
400 457 610 532 sanctissimo
636 459 776 533 domino
801 479 918 534 nostro
952 464 1095 536 Urbano
1122 471 1219 563 rapa
1241 473 1327 542 vrtt
1356 497 1395 542 en

266 577 474 662 «laudavit,
505 576 730 669 approbavit,
760 593 864 673 atque
890 580 933 649 nb
964 583 1124 653 omnibus
1155 584 1301 678 ubique,
1330 589 1396 657 sub

266 725 283 761 a
304 693 471 790 praediotis
507 690 614 783 poenis
647 696 774 762 servari
800 697 958 790 praecepit
982 725 1000 762 a
1038 697 1151 795 (apud
1178 700 1394 790 Gardellini,

267 811 309 882 n⁰
329 809 427 905 593).

315 930 418 996 Extat
440 923 529 992 circa
552 921 703 992 eamdem
730 926 903 994 materiam
929 926 1104 997 decrrtum
1127 930 1169 998 de
1189 929 1292 1001 libris
1308 959 1394 1028 pto·

266 1040 390 1112 bibitis
416 1063 480 1108 nac
508 1040 546 1110 ia
579 1035 705 1111 Indice
733 1041 943 1110 nomimrtt'm
977 1046 1177 1136 expassis,
1207 1070 1277 1139 qno
1305 1048 1396 1116 inter

265 1156 370 1227 libros
389 1155 579 1249 prohibitos
604 1168 823 1224 recensentur
849 1168 1054 1248 sequentes:
1079 1156 1120 1242 4⁰
1141 1159 1302 1230 bb’ssnb's
1324 1166 1395 1232 Ro·

266 1271 368 1340 mani
381 1271 502 1338 omnia
523 1267 747 1363 exemplaria
766 1266 922 1340 alterata
932 1284 1019 1364 post
1040 1268 1191 1342 edictum
1205 1273 1266 1342 Pii
1285 1279 1328 1344 V.
1344 1317 1395 1327 -

266 1385 305 1458 5⁰
322 1383 456 1480 Officia
478 1389 519 1454 B.
539 1385 666 1454 Μανίας
683 1385 852 1481 Virginis,
868 1381 931 1454 vel
946 1400 1149 1456 sanctornm
1164 1403 1228 1460 aut
1244 1406 1393 1460 satieta-

265 1529 364 1590 ront,
390 1501 534 1600 aliaque
565 1499 791 1597 hujusmodi,
821 1500 956 1600 absque
992 1503 1249 1599 approbatione
1278 1524 1393 1577 saorra

264 1621 395 1688 rituam
426 1617 722 1714 Congregattitnis·
748 1613 845 1685 etb'ta
883 1616 948 1687 vel
974 1615 1112 1688 edenda
1147 1620 1279 1713 (Initio
1313 1621 1391 1691 libri

264 1737 405 1822 Indicis,
422 1759 499 1829 pag.
513 1759 604 1821 xnvr,
620 1734 725 1803 editio
745 1735 826 1803 anni
848 1732 966 1829 1835).

286 1899 290 1904 -
315 1857 364 1922 Ex
385 1849 449 1920 ittis
473 1865 585 1920 autem
604 1849 747 1918 decretis
770 1851 818 1918 sic
840 1875 981 1945 arguere
997 1849 1101 1922 iicet:
1124 1852 1234 1922 officia
1252 1854 1390 1948 qnident

264 1985 300 2039 et
318 1968 425 2035 inissae
441 1965 596 2035 docentis
613 1965 723 2054 arinis,
741 1979 894 2059 tempore
912 1969 946 2034 S.
971 1967 1020 2036 Pii
1035 1970 1079 2052 V,
1097 1969 1302 2062 antiquiora,
1322 1995 1388 2039 non

263 2083 389 2153 cadunt
422 2081 484 2151 snb
520 2080 762 2176 praetlictorum
801 2080 1015 2150 decretorum
1051 2081 1388 2170 condemnationem,

263 2223 341 2268 cum
371 2196 499 2266 fuerint
528 2219 589 2289 por
617 2192 744 2264 bullam
770 2195 907 2265 Pinnarn
939 2197 1099 2290 permissa
1127 2211 1161 2266 ct
1189 2197 1388 2292 approbata.

263 2315 309 2380 At
324 2335 404 2378 vero
426 2307 582 2402 quaelibrt
600 2307 664 2378 alia
680 2309 856 2377 missarum
878 2323 912 2378 et
930 2310 1120 2380 officiorum
1138 2310 1297 2398 formula,
1315 2339 1390 2406 quae

250 2430 298 2496 in
326 2424 450 2494 missali
467 2438 501 2492 et
527 2423 695 2494 breviario
713 2427 871 2494 Romano
897 2449 965 2496 non
990 2429 1171 2522 reperitur,
1195 2453 1258 2496 neo
1280 2429 1390 2500 faita

263 2571 357 2616 sacra
379 2544 652 2637 congregatione
674 2545 800 2614 rituum
820 2546 1019 2638 approbata,
1036 2548 1295 2642 expressissimis
1321 2567 1389 2621 ter-

265 2661 365 2729 minis
389 2659 580 2726 (laniantur.
603 2659 755 2728 Omnino
780 2660 870 2728 enirn
891 2661 1067 2756 perspicua
1094 2677 1175 2732 sunt
1197 2665 1387 2754 vortatita,

262 2797 502 2872 qttascmnqan
532 2770 628 2841 albis
656 2775 789 2842 mabsar
820 2800 845 2842 a
877 2799 983 2845 saara
1015 2779 1292 2877 Congregateone
1319 2806 1389 2852 aon

262 2887 492 2987 appmbatas,
511 2889 602 2959 sicat
622 2891 729 2959 etiam
751 2889 873 2986 officia
887 2890 935 2960 ab
947 2889 1070 2962 eadent
1086 2917 1156 2962 noa
1177 2894 1387 2990 approbata.

261 3011 332 3078 Noc
352 3007 463 3076 minus
490 3003 579 3074 clara
599 3019 679 3074 sunt
699 3007 799 3074 verba
824 3005 900 3075 iibri
918 3006 1041 3078 Indici-s
1061 3034 1071 3076 t
1096 3008 1229 3103 Osfiet'a
1244 3016 1288 3082 B.
1313 3017 1389 3083 Ma·

261 3126 325 3191 rita
346 3122 514 3218 Virginis,
533 3119 596 3190 vel
617 3135 819 3192 structorum
843 3135 907 3190 aot
927 3138 1146 3209 namtarum,
1165 3121 1303 3222 absque
1327 3151 1386 3222 ap-

252 3235 468 3332 patabatione
481 3259 594 3305 sacrae
607 3237 737 3305 rituam
754 3239 1040 3334 (bngtngationia
1051 3237 1146 3308 edita
1159 3239 1223 3310 vel
1232 3239 1384 3312 edenda.

260 3359 477 3426 Datnnnntnr
492 3367 603 3424 autern
623 3368 656 3422 et
670 3353 896 3448 prohibentur
909 3353 1069 3447 proetiicta
1083 3354 1195 3424 officia
1210 3358 1272 3426 sub
1287 3385 1385 3454 poena

261 3494 329 3538 non
358 3467 582 3552 satisfaciendi
609 3467 715 3537 divini
739 3467 843 3536 officii
866 3468 1002 3560 debit03
1026 3485 1060 3539 et
1079 3471 1247 3565 praedictae
1267 3475 1385 3563 nrissae,

258 3585 322 3654 sub
342 3609 439 3678 poena
463 3583 627 3653 librorum
645 3584 762 3654 Indice
781 3585 1044 3678 prohibitorum.
1060 3591 1152 3684 Ergo
1168 3589 1337 3662 breviaria
1357 3610 1387 3664 et

260 3699 405 3770 missalia
436 3723 510 3793 quae
545 3698 716 3794 praedictis
739 3697 860 3768 officiis
882 3713 915 3768 et
938 3700 1047 3770 missis
1073 3717 1253 3792 constant,
1280 3707 1385 3776 eidem

260 3817 483 3910 prohibitioni
499 3830 535 3884 et
550 3814 761 3885 damnationi
780 3816 1019 3909 subjiciuntur.

307 3932 498 4024 Propositio
520 3936 569 4002 α’.
598 3933 762 4002 Graviter
774 3928 874 4001 initio
885 3949 1118 4027 peccaverant
1134 3948 1208 4004 tum
1223 3935 1386 4023 Prolati,

259 4061 333 4115 ram
365 4069 483 4114 eoram
516 4043 651 4116 subditi
676 4043 728 4115 ad
749 4045 868 4134 boras,
896 4048 1087 4117 cononticas
1111 4047 1295 4136 narratori,
1328 4053 1389 4148 qai

259 4160 422 4231 breviarii
443 4175 478 4232 et
503 4159 661 4230 nat-sata
687 4161 746 4229 sai
763 4159 979 4254 formabrm,
1003 4159 1295 4250 domnamaria
1318 4191 1387 4236 non

257 4277 513 4374 antiquiorem,
536 4276 765 4346 retinuerant.
796 4315 839 4330 -
863 4275 915 4345 ltli
935 4279 1025 4348 enirn
1052 4280 1201 4374 graviter
1225 4296 1386 4373 peccant,

195 4404 199 4414 ’
258 4393 316 4488 qui
336 4391 442 4487 legem
463 4416 520 4462 eos
537 4391 602 4460 sub
622 4390 717 4486 gravi
736 4390 942 4487 obligantem
964 4394 1385 4492 transgrediuntur3atqni
