2978 5076
482 379 529 424 os
553 377 644 426 suu
665 379 877 428 uruucrco.
1109 423 1111 428 .
1173 385 1238 457 ¹9¹

13 536 14 566 ι
116 537 133 574 u
153 522 378 577 revocaretur.
398 505 466 576 atii
484 505 573 575 caim
594 504 790 600 praeclaram
810 507 1101 578 ueterisbreriarii
1116 513 1244 582 muti·

13 654 14 664 κ
116 653 131 687 α
153 625 324 693 tutionem
346 621 464 692 multis
484 620 567 690 lucis
588 621 791 710 mutilatam,
811 621 870 691 alii
887 624 1027 694 incertis
1047 639 1085 695 et
1103 626 1243 699 aduenis

115 738 356 833 «quibusdum
383 750 624 806 commutatam
655 735 902 808 deformarent.
939 741 1034 830 Quin
1067 743 1171 812 etiam
1206 744 1242 814 iu

114 883 131 917 α
153 854 351 947 provincia
372 849 536 946 paulatim
560 850 740 945 irrepserat
763 873 866 946 prava
883 850 940 921 illa
963 855 1187 944 consuetudo,
1203 874 1242 930 ut

114 997 132 1033 α
151 967 311 1065 Episcopi
330 969 368 1036 iu
380 964 529 1037 ecclesiis
543 989 618 1059 quoe
632 966 676 1035 ab
694 967 793 1036 initio
809 970 1128 1041 communitercnm
1142 989 1242 1044 cata·

114 1113 130 1148 α
151 1085 197 1152 ris
214 1085 323 1152 veteri
339 1085 496 1152 Raurauo
513 1107 608 1152 mro
626 1082 730 1152 haras
756 1085 935 1153 canonius
954 1083 1069 1154 dicere
1093 1111 1136 1156 ac
1153 1089 1242 1182 psal,

112 1228 129 1263 ι
148 1198 217 1268 lere
232 1199 503 1283 conuenissent,
516 1199 689 1293 privatam
704 1199 769 1267 sibi
780 1199 923 1293 quisquc
936 1199 1144 1270 breviarium
1157 1227 1243 1272 con·

113 1342 128 1376 «
150 1313 305 1402 licerent,
319 1328 355 1382 et
373 1311 468 1382 illam
487 1315 763 1384 communionem
782 1315 842 1382 nni
859 1317 956 1394 Deo,
975 1339 1047 1384 uua
1061 1331 1097 1384 et
1121 1317 1239 1388 eadem

111 1457 129 1494 c
151 1429 299 1498 iorniula
321 1453 438 1525 preces
464 1453 504 1498 ac
532 1427 652 1499 laudes
676 1429 873 1516 adhibendi,
902 1428 1129 1500 dissimillima
1149 1433 1241 1505 intro

111 1575 126 1607 ι
148 1570 195 1632 se,
217 1568 258 1614 ac
279 1569 365 1639 pene
381 1544 546 1639 cujusque
569 1545 784 1639 episcopatus
809 1544 950 1640 propriu
969 1543 1084 1614 officio
1110 1547 1239 1618 discer-

110 1687 126 1724 α
147 1673 282 1753 perent.
309 1659 397 1726 Hinc
423 1657 480 1727 illa
500 1672 571 1728 tam
594 1656 715 1728 multis
729 1660 768 1728 in
788 1657 869 1730 locis
899 1659 1005 1728 divini
1026 1659 1140 1732 cultos
1159 1689 1238 1758 per·

108 1773 314 1842 «turbatio.
334 1803 353 1838 a

152 1892 237 1957 Haec
267 1885 479 1956 emendanda
503 1886 700 1958 &curerat
732 1885 857 1956 Paulus
882 1889 973 1983 Papa
1006 1892 1072 1977 1V;
1095 1917 1163 1985 qua
1194 1893 1238 1964 de

105 2027 203 2073 causa
224 2005 381 2072 obtentas
398 2028 422 2071 a
434 2001 514 2072 sede
532 2001 729 2097 Apostolica
748 2001 925 2072 facultates
950 2004 1070 2074 utendi
1086 2008 1236 2100 quodam

104 2119 279 2190 breviario
296 2141 315 2186 a
331 2115 492 2186 cardinali
508 2117 715 2210 Quignonez
731 2141 849 2186 recem
874 2119 1063 2213 composito
1084 2121 1235 2212 primum

104 2235 261 2304 retraxit.
281 2237 369 2302 Tum
384 2245 608 2327 expurgatam
623 2245 659 2300 ct
679 2230 721 2300 ad
741 2231 922 2324 pristinum
939 2227 1074 2302 morem
1087 2249 1122 2302 et
1143 2236 1237 2308 insti·

104 2366 217 2420 tutum
237 2349 409 2418 redactam
427 2347 594 2417 librorum
618 2346 853 2441 liturgicorum
869 2343 1059 2418 editionem
1077 2351 1232 2443 parabat.

103 2469 139 2535 In
158 2491 265 2560 quam
286 2489 422 2551 curam,
445 2477 583 2534 mortuo
607 2460 714 2532 Paulo
735 2465 798 2551 tv,
826 2486 1020 2534 attccesscrc
1041 2465 1234 2536 Tridentini

104 2586 232 2669 iturea,
251 2580 294 2649 ad
315 2605 403 2674 quos
430 2581 511 2650 Pius
532 2583 581 2649 tv
600 2577 724 2648 deferri
751 2578 885 2648 curavit
905 2578 1071 2672 quidquid
1096 2581 1169 2674 jam
1191 2582 1234 2654 de

102 2695 165 2764 hac
198 2721 237 2764 rc
256 2693 439 2764 collectum
458 2709 559 2789 atquc
577 2692 790 2764 elaboratum
818 2692 942 2762 fuerat.
967 2694 1038 2766 Piis
1057 2695 1234 2792 doctisqtte

102 2813 185 2879 viris
222 2835 245 2877 a
280 2809 408 2904 synodo
435 2809 654 2878 cometissam
691 2809 882 2902 negotium,
916 2833 1106 2902 rnauusque
1135 2813 1233 2906 uperi

103 2926 260 3019 guaviter
284 2924 433 2994 admota.
457 2929 610 2994 luctante
639 2949 719 2992 vcro
741 2922 964 2994 conclusione
982 2925 1129 3012 concilii,
1151 2951 1233 2998 cum

101 3039 143 3107 ad
166 3039 307 3126 exitum,
332 3063 402 3134 prae
419 3039 580 3133 ternporis
602 3037 771 3132 angustia,
787 3061 842 3106 rea
862 3037 987 3106 deduci
1011 3063 1082 3108 nou
1105 3057 1230 3134 posset,

101 3153 142 3222 ad
179 3156 413 3225 auctoritatem
442 3153 681 3246 judiciumque
715 3151 863 3222 Romani
892 3151 1066 3224 Pontificis
1094 3153 1234 3226 decreto

100 3267 277 3340 conciliari
300 3285 373 3338 tota
398 3269 502 3362 liujus
530 3268 659 3362 negotii
689 3292 774 3338 cura
791 3268 972 3338 commissa
995 3284 1058 3340 cst.
1084 3273 1230 3344 Romam

101 3411 183 3480 ergo
201 3384 311 3452 vocati
333 3383 399 3452 viri
420 3383 478 3478 qui
499 3387 569 3476 jam
595 3384 630 3451 in
648 3382 847 3452 Tridentino
870 3382 1000 3476 syuodo
1021 3387 1118 3477 operi
1136 3384 1232 3458 adla-

101 3501 317 3585 bmaveram,
343 3499 458 3591 risque
483 3496 539 3566 alii
579 3511 681 3590 atque
707 3494 765 3566 alii
799 3494 962 3588 adjuncti.
992 3500 1045 3570 Ac
1077 3498 1228 3588 taudem,

101 3631 240 3684 mortuo
257 3616 321 3684 Pio
336 3616 400 3700 tv,
419 3613 643 3684 reformatum
664 3611 870 3681 breviarium
889 3613 1055 3708 primum,
1073 3637 1113 3684 ac
1127 3615 1231 3710 paulo

101 3747 178 3826 post
200 3729 348 3820 missale,
362 3743 500 3800 sanctus
517 3730 598 3798 Pius
612 3726 830 3822 Vpublicare
846 3741 949 3822 atquc
967 3731 1031 3800 toti
1050 3731 1228 3802 Occideuti

100 3848 428 3942 iuj,ungcr·epotuit.·

146 3965 279 4032 Tantus
314 3976 428 4032 autem
463 3960 559 4030 labor
585 3959 703 4029 irritus
739 3960 863 4030 iterum
891 3973 1083 4055 temporum
1116 3979 1227 4038 tractu

99 4099 223 4171 magua
242 4101 283 4144 ex
303 4091 398 4170 parte
421 4075 590 4161 evasisset,
615 4075 643 4143 si
660 4073 872 4168 singularum
893 4074 1110 4148 ecclesiarum
1134 4082 1227 4152 ordi·

98 4192 205 4260 nariis
222 4192 435 4262 retrmnsissat
448 4192 518 4284 jus,
536 4215 576 4262 ea
596 4215 672 4286 quae
697 4192 760 4262 sibi
782 4191 856 4260 visa.
873 4189 1030 4281 fu'usent,
1054 4193 1138 4266 licet
1156 4223 1226 4268 nou

96 4304 344 4395 substantialia,
365 4307 567 4379 immutandi
581 4323 683 4402 atque
700 4307 908 4402 corrigendi.
921 4308 1005 4381 Aliis
1020 4311 1110 4380 enim
1123 4327 1227 4406 atqtu

95 4418 171 4490 aliis
194 4421 454 4511 accessionibus,
478 4424 797 4494 truncationibusvc
818 4439 852 4494 et
877 4415 1046 4494 abusuum
1066 4424 1224 4497 introdu-
