3004 5070
228 325 299 402 328
381 295 383 300 Ι
727 353 849 402 runsx.

297 549 441 615 Propostts'a
454 545 491 603 6¹.
509 544 549 600 Ex
566 545 715 602 Tridentino
728 540 822 620 synodo
835 545 1029 600 constatralere
1045 541 1186 599 Romanam
1202 541 1279 596 litur-
1306 475 1350 522 hii

332 636 401 708 gam
415 635 448 690 ad
461 636 573 707 rigorose
582 634 740 708 probandam
752 634 884 689 raritatem
897 633 1046 706 dogmatum
1052 667 1274 688 .............
1314 630 1350 685 56

298 730 442 793 Proposttr'o
455 725 492 779 7¹.
506 724 577 798 Ergo
589 723 729 798 rejicienda
743 731 782 780 est
797 723 884 798 opinio
896 741 987 780 eorum
999 725 1044 798 qui
1056 731 1189 798 putantes
1203 722 1281 776 litur-

332 816 380 886 giis
390 833 442 870 non
452 822 520 870 reete
534 813 637 887 probari
654 814 757 885 dogma,
773 813 822 870 nisi
836 813 983 872 ostendatur
996 831 1144 887 expressum
1158 813 1185 868 in
1195 813 1280 868 omni-

332 899 381 956 bus
396 902 499 956 omnino
518 900 638 975 liturgiis,
659 921 710 956 non
724 902 836 976 exceptis
850 901 977 956 veteribus
993 920 1050 975 quae
1062 901 1089 956 in
1113 900 1218 957 Oriente
1231 901 1280 954 ilo·

333 999 450 1061 ruorunt,
466 999 492 1048 et
505 993 582 1047 etiam
596 991 722 1047 haereticis
734 999 759 1046 et
772 991 939 1046 schismaticis
945 1027 1276 1048 ...................
1315 990 1350 1046 58

300 1087 447 1151 Propostts'o
461 1081 498 1139 8·.
512 1081 607 1137 &atra
621 1080 764 1136 doctrinam
780 1081 807 1136 in
820 1079 994 1155 superioribus
1005 1081 1220 1156 propositionibus
1230 1089 1282 1135 ste·

332 1171 434 1226 bilitrm
448 1170 625 1226 difficultatem
641 1170 704 1226 lacit
714 1178 821 1244 systema
833 1188 931 1234 eorum,
944 1170 989 1244 qui
1003 1179 1093 1244 putant
1105 1189 1179 1245 posse
1191 1187 1282 1244 praxcs

334 1259 466 1328 Ecclesia,
480 1262 557 1315 etiam
572 1259 674 1334 quanm
688 1261 755 1315 clare
769 1259 911 1315 doctrinam
919 1261 1074 1336 exprimunt,
1089 1261 1136 1316 niti
1151 1260 1280 1336 opinioni·

298 1353 301 1358 ’
333 1349 380 1404 bus
393 1349 672 1424 tantumprobabilibus
678 1387 1275 1406 ..................................
1316 1350 1352 1404 40

298 1445 444 1508 Proposita'o
455 1440 492 1494 9¹.
507 1439 616 1496 Prolata
630 1439 717 1512 opinio
727 1439 832 1493 omnino
851 1437 913 1494 ialsa
925 1447 963 1494 est
975 1447 1000 1494 et
1011 1438 1159 1514 repellenda
1163 1477 1278 1496 .......
1318 1439 1352 1494 li

300 1531 448 1596 Propositto
469 1526 525 1585 10¹.
551 1527 646 1584 Contra
667 1529 804 1584 stabilitam
835 1527 979 1584 ‹loeti-inam
1005 1547 1056 1584 non
1081 1529 1146 1582 valet
1173 1527 1282 1601 objectio

335 1617 470 1693 desumpta
483 1637 513 1673 ex
531 1637 562 1674 eo
576 1617 654 1691 quod,
673 1619 728 1692 jam
747 1617 921 1674 uniuersaliter
941 1618 1055 1672 instituto
1069 1617 1101 1673 de
1120 1617 1282 1672 immaculata

333 1707 447 1781 Virginis
460 1708 625 1783 conceptione
637 1709 711 1775 iesto,
725 1708 812 1782 opinio
827 1708 894 1762 circa
910 1707 973 1764 illud
988 1707 1105 1782 Deipare
1120 1707 1282 1782 priuilegium

334 1798 473 1872 probabilis
487 1805 585 1852 tantum
595 1797 745 1853 remanserit
751 1833 1278 1853 ..............................
1318 1795 1353 1854 44

302 1892 447 1956 Proposttto
467 1887 522 1944 Μ’.
550 1887 644 1942 Contra
676 1888 813 1942 stabilitam
839 1887 982 1942 doctrinam
1004 1905 1056 1942 non
1081 1887 1149 1942 salet
1174 1886 1284 1959 objectio

335 1976 469 2050 desumpta
483 1995 513 2030 ex
527 1995 557 2031 eo
571 1976 640 2050 quod
661 1977 727 2032 iacta
741 1976 861 2031 historica
875 1977 902 2030 in
916 1975 1030 2049 legendis
1050 1975 1169 2034 breviarii
1190 1975 1283 2030 alibive

336 2065 425 2133 relata,
438 2075 507 2120 certa
518 2085 564 2140 per
574 2067 705 2139 liturgiam
721 2085 772 2121 non
786 2067 929 2120 efficiantur
935 2101 1277 2122 ....................
1318 2063 1352 2119 49

300 2159 487 2212 corollarium.
495 2154 564 2226 Ergo
574 2154 679 2227 liturgia
691 2156 768 2210 certis
780 2154 966 2209 conditionibus
978 2156 1068 2210 vestita
1080 2162 1118 2210 est
1127 2153 1199 2208 locus
1210 2151 1281 2207 tbeo·

335 2242 443 2314 logicus,
458 2251 482 2296 et
495 2243 649 2297 ditissimum
661 2242 803 2298 traditionis
816 2242 959 2317 depositum
965 2277 1278 2298 ..................
1318 2239 1350 2294 54

264 2331 321 2403 §b
335 2330 433 2386 Satisfit
444 2332 521 2386 variis
535 2331 720 2404 objectionibus
735 2340 823 2386 contra
835 2331 1006 2405 dogmaticum
1020 2332 1128 2405 liturgiae
1137 2331 1279 2385 valorem..
1319 2329 1354 2383 55

303 2423 414 2488 Objscts'o
429 2419 466 2476 1².
481 2419 574 2476 Primis
597 2427 707 2493 quatuor
730 2421 828 2476 seculis
849 2421 921 2475 nulla
944 2421 1025 2476 extitit
1048 2421 1143 2494 scripta
1164 2420 1282 2492 liturgia;

335 2528 397 2582 ergo
415 2529 507 2584 parum
529 2509 620 2583 juvant
639 2503 749 2582 liturgic*
767 2509 798 2564 acl
825 2509 987 2583 probandum
1005 2509 1098 2582 dogma
1118 2507 1282 2578 catholicum,

334 2599 475 2671 presertim
494 2597 612 2654 adversus
626 2607 803 2672 protestantes,
819 2599 864 2674 qui
883 2599 997 2673 priorum
1021 2599 1172 2656 seculorum
1184 2605 1284 2654 tantum

334 2687 487 2744 testimoniis
501 2686 599 2742 lucrant
604 2724 1279 2743 ......................................
1319 2688 1355 2742 55

301 2780 413 2843 oojects'o
426 2775 464 2832 2¹.
478 2775 599 2848 Liturgiae
610 2783 708 2830 veteres
721 2784 780 2831 sunt
792 2775 854 2832 libri
865 2777 1015 2852 apocryphi,
1029 2778 1061 2832 iis
1071 2795 1164 2851 nempe
1172 2776 1284 2832 vitisat-

335 2863 436 2919 tributae
451 2866 496 2937 qui
509 2883 597 2919 earum
610 2872 725 2920 auctores
742 2866 849 2922 minime
862 2867 980 2934 luerunt;
990 2884 1051 2939 argo
1065 2867 1092 2920 in
1104 2866 1284 2940 questionibus

335 2951 425 3008 deiide
437 2951 549 3008 invocari
561 2953 652 3026 nequit
662 2973 750 3010 earam
768 2956 905 3010 auctoritas
910 2991 1277 3012 .....................
1318 2956 1354 3010 55

300 3047 410 3109 Objects'o
425 3043 462 3101 δ’.
472 3043 579 3100 Veteres
588 3044 647 3098 libri
660 3044 784 3117 liturgici,
799 3046 886 3119 quales
897 3045 930 3101 ad
941 3065 988 3102 nos
995 3065 1144 3121 pervenere,
1157 3047 1281 3121 plurimas

336 3131 403 3203 passi
417 3140 474 3186 sunt
492 3132 679 3199 mutilationes3
693 3151 754 3205 ergo
769 3134 898 3189 immerito
911 3135 943 3189 ad
957 3153 1000 3190 eos
1015 3137 1156 3192 recurritur
1161 3171 1276 3192 .......
1316 3138 1352 3192 59

300 3224 410 3287 Objeetio
421 3221 458 3277 4·.
470 3220 619 3295 Interpolati
632 3229 692 3276 suut
701 3229 799 3277 vetares
807 3222 867 3279 libri
879 3222 1006 3295 liturgici;
1021 3243 1082 3298 ergo
1098 3225 1168 3279 nulla
1178 3233 1216 3280 cst
1233 3242 1282 3279 eo-

334 3327 392 3364 rum
413 3311 548 3364 auotoritas
553 3346 1276 3372 .........................................
1316 3314 1352 3369 59

300 3405 410 3468 Objects'o
427 3401 465 3456 5·.
478 3401 600 3474 Litargiae
621 3402 653 3455 ab
664 3401 791 3457 hereticis
804 3403 908 3466 inserunt
921 3404 1026 3477 vitiatae3
1042 3423 1103 3478 orgo
1123 3405 1217 3460 nullius
1231 3423 1282 3459 au-

335 3488 457 3545 ctoritatis
469 3488 639 3545 existimanda
650 3498 709 3544 sunt
714 3526 1278 3550 ................................
1317 3494 1350 3548 64

301 3584 412 3647 objectio
423 3580 461 3634 6¹.
479 3578 564 3634 Etiam
577 3581 603 3634 in
614 3580 732 3653 liturgias
749 3583 914 3636 ecclesiarum
926 3583 1108 3638 catholicarum
1124 3585 1282 3660 irrepserunt

335 3686 446 3735 errorcs;
464 3687 524 3741 ergo
538 3688 588 3723 non
603 3670 670 3725 valet
688 3671 716 3725 iu
730 3672 910 3743 questionibus
933 3672 993 3727 fidei
1011 3672 1158 3747 liturgicum
1173 3674 1283 3728 testimo-

334 3759 406 3813 ninm
413 3796 1278 3820 .................................................
1316 3763 1354 3818 65

264 3849 281 3919 ξ
293 3849 326 3906 4,
337 3847 497 3904 Adhibenda
507 3849 533 3904 in
545 3848 722 3922 probationem
731 3849 916 3906 catholicorum
928 3851 1077 3924 dogmatum
1087 3852 1197 3924 liturgie
1204 3851 1280 3908 breve

336 3937 833 4010 specimen.....................'
843 3975 1277 3995 .........................
1317 3941 1355 3996 64

299 4029 447 4094 Proposits‘o
461 4026 497 4082 l'.
513 4027 629 4100 Liturgis
641 4027 773 4082 Trinitatis
784 4029 877 4101 dogma
886 4047 975 4084 varum
986 4030 1139 4085 demonstrat
1145 4068 1276 4086 ........
1317 4030 1354 4085 64

300 4119 444 4181 Propostts'o
461 4113 498 4171 2¹.
512 4115 627 4188 Litnrgia
640 4116 799 4173 divinitatem
812 4117 892 4174 Verbi
906 4119 1072 4187 domonstrat,
1083 4128 1109 4175 et
1118 4119 1227 4174 Arianos
1235 4118 1283 4173 So-

334 4203 498 4277 cinianosque
511 4205 643 4260 contundit
648 4243 1280 4270 ....................................
1317 4209 1353 4264 65

299 4298 444 4362 Propositio
466 4294 503 4352 δ’.
523 4295 638 4366 liturgia
658 4304 747 4351 contra
767 4297 961 4353 Macedonianos
991 4298 1147 4354 demonstrat
1169 4299 1280 4374 Spiritus

309 4429 314 4438 .
327 4382 585 4440 lunellduinitstem
591 4422 1278 4444 .......................................
1316 4388 1352 4444 66
