2934 5074
254 341 267 387 r
281 320 322 402 14
340 348 341 352 ¹
709 335 915 386 suscensus

299 461 516 559 3””'snctum.
530 499 579 518 --·
590 463 686 531 Idem
705 475 840 530 sanctus
861 460 999 530 siricius
1014 461 1051 528 in
1070 459 1278 532 deotmarus
1303 460 1376 558 epi·

248 580 350 667 stola,
372 579 416 648 od
436 577 554 648 Gallim
576 578 751 671 episcopos
785 575 912 646 directa
928 575 995 670 (sl,
1012 575 1164 644 decern-it
1196 578 1386 673 baptisma

249 721 318 766 non
333 723 352 764 u
369 694 532 780 diaconis,
549 692 606 762 sed
624 717 643 760 a
659 693 874 787 presbyteris,
895 705 1035 786 excepto
1051 694 1259 800 necessitatis
1281 719 1373 781 casu,

248 837 317 882 esso
339 809 598 882 ministrandum
621 834 628 880 :
649 805 835 902 «Reliquis
858 831 937 876 vero
958 808 1179 901 temporibus,
1198 810 1256 878 ubi
1275 810 1375 903 aegri·

250 927 413 1004 «tudinis
449 925 627 994 necessitas
666 923 825 1016 consequi
866 944 1145 1016 unumquemque
1176 924 1371 1018 compellit,

248 1069 270 1106 -a
288 1038 476 1135 specialiter
494 1039 693 1133 presbytero
710 1035 844 1106 licentia
863 1049 912 1106 est
932 1061 993 1130 per
1009 1035 1164 1106 salutaris
1183 1063 1281 1131 uquae
1295 1059 1374 1132 gra-

251 1183 268 1221 u
287 1156 368 1224 tium
398 1153 479 1225 dare
502 1150 748 1247 indulgentiam
775 1165 997 1244 peccatorum,
1014 1153 1176 1244 quoniam
1192 1167 1228 1221 et
1247 1179 1373 1223 munus

247 1295 269 1338 ,a
289 1269 352 1364 ipsi
373 1266 453 1336 licet
469 1288 571 1336 causa
589 1265 820 1336 mundationis
840 1264 983 1353 oller1=c3
1002 1265 1152 1336 durmale
1172 1289 1252 1336 vero
1279 1266 1372 1337 nulla

252 1383 425 1452 «licentia
452 1383 625 1452 invenitur
643 1405 714 1453 csse
735 1401 892 1450 concessu
915 1405 922 1447 :
944 1381 1003 1452 sed
1031 1381 1122 1474 quod
1148 1380 1252 1452 *senicl
1285 1383 1373 1454 forte

252 1498 431 1590 «contigit
454 1517 635 1590 usurpare,
664 1521 724 1589 per
753 1495 983 1564 necessitatem
1013 1495 1171 1566 dicuntur
1198 1501 1371 1583 excusari,

247 1641 266 1678 a
286 1637 348 1682 nec
362 1625 478 1705 postea
494 1614 530 1680 in
550 1609 730 1678 securitate
753 1610 974 1681 commissuri.
991 1611 1109 1680 »Huic
1132 1635 1212 1680 vcro
1236 1612 1371 1682 decreto

248 1727 453 1821 disciplinari
475 1725 695 1819 subjungitur
714 1725 857 1796 alterum
880 1725 922 1794 de
940 1724 1015 1794 oleo
1032 1729 1221 1798 exorcisato
1249 1730 1286 1797 in
1311 1755 1371 1798 un·

248 1843 418 1912 ctionibus
444 1839 700 1936 baptismalibus
731 1840 883 1910 adhiberi
915 1839 1016 1911 solito
1039 1841 1235 1938 (Constant,
1265 1846 1367 1939 Epist.

247 1960 346 2028 Boin.
364 1963 475 2045 Pont,
495 1983 572 2053 pag.
591 1955 676 2053 691,
702 1956 742 2024 n⁰
770 1977 825 2042 ιο,
846 1957 954 2050 prima
973 1955 1102 2051 editio).

296 2071 515 2166 dmsncmm.
531 2111 578 2126 --
594 2077 696 2143 Anno
713 2069 797 2156 416,
817 2073 1035 2140 Innocentius
1059 2077 1076 2142 I
1098 2074 1135 2142 in
1153 2097 1213 2144 sua
1237 2075 1280 2144 ad
1306 2081 1372 2146 De·

246 2191 395 2260 centium
411 2189 614 2282 Episcopum
629 2185 783 2282 epistole,
799 2186 888 2254 inter
901 2200 1018 2258 coetera
1034 2186 1220 2282 discipliuae
1234 2205 1368 2276 statuta,

245 2306 397 2374 decernit
413 2301 569 2372 osculum
583 2302 674 2397 pacis
703 2303 837 2370 nonnisi
855 2301 1008 2373 absoluta
1026 2305 1266 2398 mysteriorum
1287 2305 1371 2376 cele·

246 2419 402 2488 irratione
426 2443 495 2487 esse
517 2416 776 2511 porrigendum,
792 2431 827 2486 et
844 2417 877 2484 in
896 2416 1068 2488 oblatione
1085 2420 1179 2512 prius
1196 2421 1369 2490 dicendam

248 2559 266 2604 a
283 2533 455 2602 sacerdote
470 2533 659 2602 orationem
674 2557 775 2626 quam
791 2533 963 2604 recitanda
980 2533 1197 2604 offerentium
1213 2539 1368 2606 nomina:

249 2679 266 2712 n
283 2650 322 2719 Si
336 2651 490 2718 instituta
508 2645 744 2733 ecclesiastica,
756 2663 793 2716 ut
807 2663 886 2717 sunt
904 2673 924 2717 a
941 2649 1046 2718 beatis
1061 2648 1220 2744 apostolis
1235 2651 1366 2737 tradita,

250 2791 267 2830 a
287 2765 418 2857 integra
436 2761 562 2832 vellent
584 2785 716 2831 servare
738 2762 878 2832 Domini
904 2764 1105 2854 sacerdotes,
1123 2763 1214 2834 nullu
1235 2765 1370 2836 diversi-

246 2908 262 2944 «
282 2893 343 2966 tas,
367 2876 458 2948 nulla
480 2877 622 2947 varietas
640 2877 677 2944 iu
703 2877 781 2970 ipsis
801 2877 979 2946 ordinibus
1001 2893 1035 2951 et
1060 2881 1367 2950 consecrationibus

247 3023 264 3058 n
283 2995 476 3063 haberetur.
490 2992 558 3064 sed
573 2993 655 3062 dum
672 2994 905 3087 [uniusquisque
920 3019 988 3062 non
1006 2994 1099 3086 quod
1117 2995 1283 3064 traditum
1313 3010 1367 3078 est,

247 3136 264 3170 n
280 3109 338 3176 sed
365 3107 458 3201 quod
477 3107 538 3174 sibi
566 3108 677 3176 visum
704 3107 807 3176 fuerit
836 3107 901 3178 hoc
919 3109 1063 3178 aestimat
1082 3133 1152 3178 osse
1175 3110 1365 3197 tenendum,

246 3252 263 3288 n
281 3222 359 3291 inde
378 3221 509 3290 diversa
533 3222 569 3288 in
589 3221 728 3292 diversis
753 3220 835 3292 locis
852 3221 906 3293 vel
929 3221 1076 3294 ecclesiis
1093 3238 1154 3292 aut
1175 3226 1287 3294 teneri
1313 3237 1366 3294 aut

247 3336 445 3408 «celebrari
472 3335 644 3426 videntur3
668 3360 709 3406 ac
738 3335 778 3406 fn
806 3337 1003 3408 scandalum
1029 3337 1175 3432 populis,
1203 3343 1265 3433 qui
1291 3341 1363 3410 durn

245 3482 262 3517 a
280 3455 435 3524 nesciunt
453 3450 650 3522 traditiones
669 3453 825 3545 antiquas
842 3453 991 3525 humana
1013 3454 1277 3547 praesumptione
1297 3479 1362 3525 cor·
1454 3523 1455 3528 ,

246 3595 263 3632 s
282 3582 414 3662 ruptas,
437 3579 560 3661 putent
587 3567 650 3635 sihi
669 3581 730 3635 aut
755 3565 911 3638 ecclesias
937 3592 1005 3638 non
1025 3569 1223 3657 convenire,
1241 3585 1303 3640 aut
1325 3568 1362 3636 ab
1454 3647 1455 3662 χ

245 3680 438 3776 «apostolis
465 3681 516 3750 vel
546 3680 739 3774 apostolicis
765 3681 846 3749 viris
874 3684 1149 3752 contrarietatem
1183 3683 1360 3756 inductam.
1454 3751 1455 3766 ,

244 3825 262 3860 a
281 3797 368 3886 Quis
389 3797 481 3866 enirn
504 3797 631 3866 nesciat
649 3811 709 3866 aut
735 3821 804 3865 nou
822 3797 976 3869 advertat
997 3798 1033 3868 id
1058 3797 1149 3892 quod
1176 3823 1195 3866 a
1219 3799 1362 3894 principe

244 3942 263 3978 κ
281 3912 513 4006 apostolorum
547 3917 646 3984 Petro
673 3917 835 3984 Romanae
865 3913 1021 3986 Ecclesiae
1052 3914 1213 3986 traditum
1250 3932 1309 4001 cst,
1325 3938 1360 3982 ac

280 4220 317 4293 (l)
338 4217 411 4273 llsnc
431 4217 563 4294 epistolam
576 4239 629 4276 csse
641 4219 804 4278 innocentiil
818 4224 994 4281 existimarunt
1008 4225 1111 4300 quidam
1124 4223 1232 4292 cruditi;
1252 4231 1277 4278 at
1288 4219 1360 4276 cous-

243 4315 300 4365 taut
312 4307 430 4384 probarit
444 4325 500 4364 eam
512 4309 578 4364 inter
592 4319 673 4366 certas
687 4307 773 4368 Siricii
789 4313 907 4388 epistolas
924 4333 976 4372 esse
989 4315 1173 4386 collocandam,
1189 4323 1215 4370 et
1228 4329 1279 4369 rem
1294 4316 1359 4364 extra

242 4397 441 4454 controversiam
453 4397 522 4455 lecit.
