2978 5076
199 363 273 436 230
654 391 861 442 retornus

202 545 222 584 a
240 533 337 588 tuum
367 517 514 590 licentia.
543 550 562 586 r
583 519 788 616 (Garantus,
817 519 1069 592 Commentaria
1100 519 1136 587 in
1169 519 1331 589 rubricas

199 633 374 723 breviarii,
392 649 476 706 sect.
496 661 532 721 a,
552 659 629 731 cap.
650 636 701 730 ι.)

248 751 347 818 XXI.
364 749 557 822 &mitum
574 751 803 848 Aquileifflse
815 755 851 841 1,
867 753 956 822 anui
979 748 1095 847 1596:

250 891 268 926 α
284 861 394 932 Multo
408 865 546 958 quidem
566 867 691 960 justius
719 869 755 936 in
783 867 887 936 sacris
914 881 948 934 ct
972 865 1099 936 divinis
1125 863 1226 934 dehet
1252 890 1326 934 esse

201 992 326 1048 «certa
353 979 506 1072 quaedam
531 981 743 1076 agendorum
765 1007 904 1070 norrua;
932 979 1056 1074 illaque
1085 1005 1155 1052 non
1181 979 1326 1052 arbitrio

202 1092 403 1184 «subjecta,
428 1095 485 1166 sed
515 1094 588 1190 lege
604 1098 774 1168 constanti
803 1095 1058 1190 comprehensa,
1088 1109 1126 1164 ut
1155 1095 1200 1164 sit
1231 1107 1326 1164 certa

201 1234 218 1268 α
234 1209 366 1278 unitate
383 1211 496 1303 potius
518 1210 738 1282 similitudine
761 1211 985 1296 conformata,
1012 1235 1114 1304 quarn
1140 1223 1327 1302 sequantur

202 1351 219 1386 ιι
233 1347 365 1395 omncs.
386 1327 554 1415 Quamvis
574 1344 688 1400 autern
710 1329 762 1400 Pii
783 1331 814 1393 V
841 1327 1085 1398 constitutione
1104 1325 1150 1396 de
1169 1329 1330 1394 Romano

201 1437 401 1510 «breviario
422 1441 513 1512 edita
537 1458 676 1514 cautum
695 1444 751 1532 sit,
772 1444 890 1537 utqui
916 1467 1019 1536 supra
1039 1441 1203 1510 ducentos
1216 1463 1332 1528 anuos

201 1580 219 1615 α
237 1557 416 1650 proprium
446 1557 574 1627 habent
591 1558 755 1642 officinm,
779 1561 829 1628 uti
860 1583 902 1628 eo
925 1557 1069 1651 possint,
1095 1579 1159 1624 nec
1182 1553 1327 1622 debcant

202 1695 220 1726 α
233 1668 389 1763 compelli
416 1686 455 1740 ut
479 1672 581 1742 horas
602 1675 783 1744 canonicas
799 1673 842 1742 de
868 1671 1037 1742 besuano
1063 1673 1220 1740 Romano
1239 1667 1329 1737 reci-

202 1809 222 1846 «
236 1797 319 1870 tent,
338 1799 450 1854 tamen
467 1789 555 1858 ratio
573 1789 773 1884 peragendas
795 1813 898 1858 sacrae
917 1787 979 1874 rei,
996 1801 1031 1855 et
1050 1783 1107 1854 illa
1125 1808 1200 1878 quae
1217 1796 1330 1852 tanto·

203 1924 220 1958 o
238 1921 318 1989 pere
339 1902 412 1968 Deo
421 1901 531 1994 placet
548 1906 724 1974 consensio
742 1903 906 1973 uuiloruni
927 1902 998 1971 ritu
1017 1915 1166 1994 recepta,
1182 1899 1330 1968 maxime

202 2011 353 2082 «suadet
372 2029 410 2086 ut
438 2018 476 2086 iu
501 2017 565 2088 bac
585 2020 760 2112 provincia
787 2032 957 2088 statuatur
982 2015 1083 2086 unica
1108 2013 1227 2083 laudes
1253 2015 1332 2080 Deo

204 2155 221 2189 α
234 2129 377 2198 canendi
396 2146 431 2202 et
445 2157 539 2204 sacra
552 2134 666 2204 officia
682 2135 832 2205 obeundi
851 2133 971 2203 forma.
991 2134 1035 2202 ln
1054 2144 1170 2200 nostra
1189 2126 1330 2198 ecclesia

205 2269 222 2303 u
237 2240 280 2312 de
307 2247 448 2339 proprio
473 2248 642 2321 breviario
669 2249 881 2320 canebantur
901 2247 1133 2342 superioribus
1153 2245 1251 2314 annis
1270 2268 1330 2312 ca·

205 2386 222 2422 u
238 2360 368 2430 nonicae
387 2362 489 2452 horae,
510 2379 544 2433 et
558 2381 631 2436 erat
646 2367 824 2460 proprium
840 2364 941 2434 etiam
960 2360 1106 2448 missale,
1129 2374 1232 2454 atque
1248 2357 1331 2428 alibi

205 2500 221 2536 c
237 2475 366 2568 proprii
387 2476 641 2550 adhibebantur
657 2482 692 2550 in
712 2481 848 2551 dioecesi
866 2476 1130 2574 nostraquidam
1145 2476 1232 2546 ritus
1246 2473 1332 2544 anti·

205 2613 222 2648 α
235 2588 397 2680 quissimo
414 2615 477 2660 usu
490 2595 641 2688 recepti:
660 2609 698 2666 at
714 2612 841 2681 vetera,
859 2621 934 2690 quae
951 2617 1023 2664 non
1046 2591 1187 2662 omnino
1200 2590 1332 2660 sincua

206 2718 414 2796 «comperta
432 2723 524 2793 sunt,
544 2721 577 2780 et
592 2735 677 2804 pene
695 2711 918 2782 desuetudine
939 2706 1090 2802 collapsa
1108 2718 1333 2792 recesserunt,

206 2841 223 2876 a
240 2817 363 2910 etjam
379 2843 468 2892 nova
487 2839 569 2896 suut
591 2826 721 2896 omnia.
746 2828 903 2896 Sanctam
932 2828 1123 2896 Romanam
1149 2817 1332 2888 Ecclesiam

206 2933 431 3026 «magistram
464 2952 500 3007 et
526 2953 669 3010 matrem
701 2943 940 3037 cognoscimus
966 2939 1085 3010 :banc
1110 2951 1148 3006 ut
1176 2933 1333 3028 reliquis,

206 3071 224 3106 a
236 3045 338 3116 etiam
359 3050 426 3120 ritu
447 3054 688 3126 etministeriis
700 3054 930 3127 ecclesiasticis
949 3052 1052 3124 modo
1070 3051 1254 3144 sequimur·
1267 3047 1334 3116 Vix

209 3185 226 3220 α
240 3160 331 3230 enim
347 3162 386 3234 fit
412 3166 447 3234 in
465 3167 660 3262 hujusmodi
679 3170 942 3264 particularibus
966 3164 1181 3236 ecclesiarum
1204 3175 1264 3232 aut
1281 3159 1333 3230 lo·

212 3298 229 3333 a
243 3296 362 3344 corum
385 3278 516 3370 officiis,
539 3284 623 3377 quin
654 3301 714 3354 aut
734 3284 970 3380 apocryphum
986 3279 1130 3375 aliquid,
1158 3292 1218 3348 aut
1237 3301 1333 3346 erro·

212 3429 229 3462 u
242 3423 346 3472 uenrn
359 3401 644 3496 deprehendatur.
665 3401 889 3472 Decernimns
906 3398 1011 3494 igitur
1024 3411 1063 3466 ut
1082 3395 1117 3465 iu
1137 3408 1208 3462 tota
1226 3391 1335 3484 Aqui-

208 3515 358 3588 «leiensi
387 3517 575 3610 provincia,
602 3517 638 3586 in
670 3514 816 3587 ecclesiia
845 3509 1111 3598 cathedralibus,
1138 3505 1336 3602 collegiatis,

211 3632 491 3727 «parochialibus
512 3647 546 3703 et
563 3631 638 3702 aliis
658 3632 954 3726 quibuscumque,
971 3642 1038 3697 tarn
1068 3623 1204 3719 publice
1229 3644 1334 3716 quarn

209 3777 226 3812 a
241 3750 417 3842 privatim,
440 3748 474 3818 in
499 3764 677 3844 posterum
699 3747 793 3816 hone
816 3746 989 3816 canonicae
1003 3767 1046 3810 ex
1061 3737 1229 3810 breviario
1257 3739 1335 3806 Ro·

209 3891 226 3925 «
242 3889 344 3936 mano
370 3865 435 3934 sub
452 3865 514 3934 Pin
543 3869 576 3936 V
593 3863 685 3933 edito
715 3863 927 3932 recitentur:
948 3883 988 3928 ac
1009 3853 1219 3926 declaramus
1246 3849 1334 3920 reci·

213 4007 232 4042 c
246 3993 356 4048 tantes
374 3978 573 4075 obligationi
591 3977 757 4050 recitandi
774 3977 878 4046 horas
896 3973 1037 4044 minimo
1052 3968 1256 4056 satisfacere,
1271 3965 1336 4034 nisi

213 4121 232 4156 a
251 4092 293 4162 de
315 4093 484 4164 breviario
506 4099 662 4168 Romano
680 4093 753 4163 illas
772 4092 971 4162 recitarint:
989 4085 1084 4180 quod
1106 4083 1195 4156 idem
1215 4081 1337 4152 deuer-

212 4239 230 4276 c
243 4210 356 4280 nimus
387 4211 423 4278 in
448 4209 586 4295 missali,
616 4205 730 4279 rhoali
752 4217 1042 4276 sacramentorum
1061 4215 1097 4270 ct
1119 4196 1194 4270 aliis
1219 4196 1335 4266 obser·

212 4356 230 4390 a
244 4325 410 4396 vandum.
428 4357 446 4392 a
464 4326 532 4419 (lta
556 4323 651 4418 apud
665 4322 875 4405 Bordcnave,
895 4317 1011 4390 l’Estat
1029 4315 1086 4385 dos
1109 4307 1333 4400 cathedrales,

212 4463 292 4534 pag.
316 4434 534 4536 aph-Vide
553 4434 642 4506 idem
655 4433 747 4528 apud
766 4432 893 4522 labbe,
915 4448 941 4504 t.
956 4432 1036 4520 XV,
1055 4453 1135 4524 pag.
1161 4425 1286 4524 1481.)
